% This file was created with JabRef 2.10.
% Encoding: UTF8


@Article{Abazajian2009,
  Title                    = {{The Seventh Data Release of the Sloan Digital Sky Survey}},
  Author                   = {{Abazajian}, K.~N. and {Adelman-McCarthy}, J.~K. and {Ag{\"u}eros}, M.~A. and {Allam}, S.~S. and {Allende Prieto}, C. and {An}, D. and {Anderson}, K.~S.~J. and {Anderson}, S.~F. and {Annis}, J. and {Bahcall}, N.~A. and et al.},
  Journal                  = {\apjs},
  Year                     = {2009},

  Month                    = jun,
  Pages                    = {543-558},
  Volume                   = {182},

  Adsnote                  = {Provided by the SAO/NASA Astrophysics Data System},
  Adsurl                   = {http://adsabs.harvard.edu/abs/2009ApJS..182..543A},
  Archiveprefix            = {arXiv},
  Doi                      = {10.1088/0067-0049/182/2/543},
  Eid                      = {543},
  Eprint                   = {0812.0649},
  Keywords                 = {atlases, catalogs, surveys},
  Owner                    = {lacerda},
  Timestamp                = {2014.01.15}
}

@Article{Ahn2012,
  Title                    = {{The Ninth Data Release of the Sloan Digital Sky Survey: First Spectroscopic Data from the SDSS-III Baryon Oscillation Spectroscopic Survey}},
  Author                   = {{Ahn}, C.~P. and {Alexandroff}, R. and {Allende Prieto}, C. and {Anderson}, S.~F. and {Anderton}, T. and {Andrews}, B.~H. and {Aubourg}, {\'E}. and {Bailey}, S. and {Balbinot}, E. and {Barnes}, R. and et al.},
  Journal                  = {\apjs},
  Year                     = {2012},

  Month                    = dec,
  Pages                    = {21},
  Volume                   = {203},

  Adsnote                  = {Provided by the SAO/NASA Astrophysics Data System},
  Adsurl                   = {http://adsabs.harvard.edu/abs/2012ApJS..203...21A},
  Archiveprefix            = {arXiv},
  Doi                      = {10.1088/0067-0049/203/2/21},
  Eid                      = {21},
  Eprint                   = {1207.7137},
  Keywords                 = {atlases, catalogs, surveys },
  Primaryclass             = {astro-ph.IM}
}

@PhdThesis{Asari2010,
  Title                    = {Evolução química e história de formação estelar no Universo local},
  Author                   = {{Asari}, N. V.},
  School                   = {Curso de Pós-Graduação em Física da Universidade Federal de Santa Catarina \& 
École Doctorale d’Astronomie et Astrophysique d'île-de-France, Observatoire de Paris},
  Year                     = {2010},

  Owner                    = {andre},
  Timestamp                = {2011.12.14}
}

@Article{Asari2007,
  Title                    = {{The history of star-forming galaxies in the Sloan Digital Sky Survey}},
  Author                   = {{Asari}, N.~V. and {Cid Fernandes}, R. and {Stasi{\'n}ska}, G. and {Torres-Papaqui}, J.~P. and {Mateus}, A. and {Sodr{\'e}}, L. and {Schoenell}, W. and {Gomes}, J.~M.},
  Journal                  = {\mnras},
  Year                     = {2007},

  Month                    = oct,
  Pages                    = {263-279},
  Volume                   = {381},

  Adsnote                  = {Provided by the SAO/NASA Astrophysics Data System},
  Adsurl                   = {http://adsabs.harvard.edu/abs/2007MNRAS.381..263A},
  Archiveprefix            = {arXiv},
  Doi                      = {10.1111/j.1365-2966.2007.12255.x},
  Eprint                   = {0707.3578},
  Keywords                 = {galaxies: evolution, galaxies: statistics, galaxies: stellar content}
}

@Article{Balakrishnan2013,
  Title                    = {Detecting Pulse from Head Motions in Video},
  Author                   = {Guha {Balakrishnan} and Fredo {Durand} and John {Guttag}},
  Journal                  = {2013 IEEE Conference on Computer Vision and Pattern Recognition},
  Year                     = {2013},
  Pages                    = {3430-3437},
  Volume                   = {0},

  Address                  = {Los Alamitos, CA, USA},
  Doi                      = {http://doi.ieeecomputersociety.org/10.1109/CVPR.2013.440},
  ISSN                     = {1063-6919},
  Publisher                = {IEEE Computer Society}
}

@Article{Baldry2004,
  Title                    = {{Quantifying the Bimodal Color-Magnitude Distribution of Galaxies}},
  Author                   = {{Baldry}, I.~K. and {Glazebrook}, K. and {Brinkmann}, J. and {Ivezi{\'c}}, {\v Z}. and {Lupton}, R.~H. and {Nichol}, R.~C. and {Szalay}, A.~S.},
  Journal                  = {\apj},
  Year                     = {2004},

  Month                    = jan,
  Pages                    = {681-694},
  Volume                   = {600},

  Adsnote                  = {Provided by the SAO/NASA Astrophysics Data System},
  Adsurl                   = {http://adsabs.harvard.edu/abs/2004ApJ...600..681B},
  Doi                      = {10.1086/380092},
  Eprint                   = {arXiv:astro-ph/0309710},
  Keywords                 = {Galaxies: Evolution, Galaxies: Fundamental Parameters, Galaxies: Luminosity Function, Mass Function, Galaxies: Photometry}
}

@Article{Baldwin1981,
  Title                    = {{Classification parameters for the emission-line spectra of extragalactic objects}},
  Author                   = {{Baldwin}, J.~A. and {Phillips}, M.~M. and {Terlevich}, R.},
  Journal                  = {\pasp},
  Year                     = {1981},

  Month                    = feb,
  Pages                    = {5-19},
  Volume                   = {93},

  Adsnote                  = {Provided by the SAO/NASA Astrophysics Data System},
  Adsurl                   = {http://adsabs.harvard.edu/abs/1981PASP...93....5B},
  Doi                      = {10.1086/130766},
  Keywords                 = {ASTRONOMICAL SPECTROSCOPY, EMISSION SPECTRA, LINE SPECTRA, QUASARS, SEYFERT GALAXIES, CLASSIFICATIONS, H II REGIONS, PHOTOIONIZATION, PLANETARY NEBULAE, SHOCK HEATING}
}

@Article{Balogh1999,
  Title                    = {{Differential Galaxy Evolution in Cluster and Field Galaxies at z\~{}0.3}},
  Author                   = {{Balogh}, M.~L. and {Morris}, S.~L. and {Yee}, H.~K.~C. and {Carlberg}, R.~G. and {Ellingson}, E.},
  Journal                  = {\apj},
  Year                     = {1999},

  Month                    = dec,
  Pages                    = {54-79},
  Volume                   = {527},

  Adsnote                  = {Provided by the SAO/NASA Astrophysics Data System},
  Adsurl                   = {http://adsabs.harvard.edu/abs/1999ApJ...527...54B},
  Doi                      = {10.1086/308056},
  Eprint                   = {astro-ph/9906470},
  Keywords                 = {GALAXIES: CLUSTERS: GENERAL, GALAXIES: EVOLUTION, GALAXIES: PHOTOMETRY, GALAXIES: STELLAR CONTENT}
}

@Article{Bell2006,
  Title                    = {Petascale computational systems},
  Author                   = {Bell, G. and Gray, J. and Szalay, A.},
  Journal                  = {Computer},
  Year                     = {2006},

  Month                    = {jan.},
  Number                   = {1},
  Pages                    = { 110 - 112},
  Volume                   = {39},

  Doi                      = {10.1109/MC.2006.29},
  ISSN                     = {0018-9162},
  Keywords                 = { cyberinfrastructure; data-intensitive scientific need; petascale computational system; power-law distribution; resource allocation; Internet; natural sciences computing; resource allocation;}
}

@Article{Benitez2009,
  Title                    = {{Measuring Baryon Acoustic Oscillations Along the Line of Sight with Photometric Redshifts: The PAU Survey}},
  Author                   = {{Ben{\'{\i}}tez}, N. and {Gazta{\~n}aga}, E. and {Miquel}, R. and {Castander}, F. and {Moles}, M. and {Crocce}, M. and {Fern{\'a}ndez-Soto}, A. and {Fosalba}, P. and {Ballesteros}, F. and {Campa}, J. and {Cardiel-Sas}, L. and {Castilla}, J. and {Crist{\'o}bal-Hornillos}, D. and {Delfino}, M. and {Fern{\'a}ndez}, E. and {Fern{\'a}ndez-Sopuerta}, C. and {Garc{\'{\i}}a-Bellido}, J. and {Lobo}, J.~A. and {Mart{\'{\i}}nez}, V.~J. and {Ortiz}, A. and {Pacheco}, A. and {Paredes}, S. and {Pons-Border{\'{\i}}a}, M.~J. and {S{\'a}nchez}, E. and {S{\'a}nchez}, S.~F. and {Varela}, J. and {de Vicente}, J.~F.},
  Journal                  = {\apj},
  Year                     = {2009},

  Month                    = jan,
  Pages                    = {241-260},
  Volume                   = {691},

  Adsnote                  = {Provided by the SAO/NASA Astrophysics Data System},
  Adsurl                   = {http://adsabs.harvard.edu/abs/2009ApJ...691..241B},
  Archiveprefix            = {arXiv},
  Doi                      = {10.1088/0004-637X/691/1/241},
  Eprint                   = {0807.0535},
  Keywords                 = {cosmological parameters, large-scale structure of universe}
}

@Article{JPAS2014,
  Title                    = {{J-PAS: The Javalambre-Physics of the Accelerated Universe Astrophysical Survey}},
  Author                   = {{Benitez}, N. and {Dupke}, R. and {Moles}, M. and {Sodre}, L. and {Cenarro}, J. and {Marin-Franch}, A. and {Taylor}, K. and {Cristobal}, D. and {Fernandez-Soto}, A. and {Mendes de Oliveira}, C. and {Cepa-Nogue}, J. and {Abramo}, L.~R. and {Alcaniz}, J.~S. and {Overzier}, R. and {Hernandez-Monteagudo}, C. and {Alfaro}, E.~J. and {Kanaan}, A. and {Carvano}, J.~M. and {Reis}, R.~R.~R. and {Martinez Gonzalez}, E. and {Ascaso}, B. and {Ballesteros}, F. and {Xavier}, H.~S. and {Varela}, J. and {Ederoclite}, A. and {Vazquez Ramio}, H. and {Broadhurst}, T. and {Cypriano}, E. and {Angulo}, R. and {Diego}, J.~M. and {Zandivarez}, A. and {Diaz}, E. and {Melchior}, P. and {Umetsu}, K. and {Spinelli}, P.~F. and {Zitrin}, A. and {Coe}, D. and {Yepes}, G. and {Vielva}, P. and {Sahni}, V. and {Marcos-Caballero}, A. and {Shu Kitaura}, F. and {Maroto}, A.~L. and {Masip}, M. and {Tsujikawa}, S. and {Carneiro}, S. and {Gonzalez Nuevo}, J. and {Carvalho}, G.~C. and {Reboucas}, M.~J. and {Carvalho}, J.~C. and {Abdalla}, E. and {Bernui}, A. and {Pigozzo}, C. and {Ferreira}, E.~G.~M. and {Chandrachani Devi}, N. and {Bengaly}, Jr., C.~A.~P. and {Campista}, M. and {Amorim}, A. and {Asari}, N.~V. and {Bongiovanni}, A. and {Bonoli}, S. and {Bruzual}, G. and {Cardiel}, N. and {Cava}, A. and {Cid Fernandes}, R. and {Coelho}, P. and {Cortesi}, A. and {Delgado}, R.~G. and {Diaz Garcia}, L. and {Espinosa}, J.~M.~R. and {Galliano}, E. and {Gonzalez-Serrano}, J.~I. and {Falcon-Barroso}, J. and {Fritz}, J. and {Fernandes}, C. and {Gorgas}, J. and {Hoyos}, C. and {Jimenez-Teja}, Y. and {Lopez-Aguerri}, J.~A. and {Lopez-San Juan}, C. and {Mateus}, A. and {Molino}, A. and {Novais}, P. and {OMill}, A. and {Oteo}, I. and {Perez-Gonzalez}, P.~G. and {Poggianti}, B. and {Proctor}, R. and {Ricciardelli}, E. and {Sanchez-Blazquez}, P. and {Storchi-Bergmann}, T. and {Telles}, E. and {Schoennell}, W. and {Trujillo}, N. and {Vazdekis}, A. and {Viironen}, K. and {Daflon}, S. and {Aparicio-Villegas}, T. and {Rocha}, D. and {Ribeiro}, T. and {Borges}, M. and {Martins}, S.~L. and {Marcolino}, W. and {Martinez-Delgado}, D. and {Perez-Torres}, M.~A. and {Siffert}, B.~B. and {Calvao}, M.~O. and {Sako}, M. and {Kessler}, R. and {Alvarez-Candal}, A. and {De Pra}, M. and {Roig}, F. and {Lazzaro}, D. and {Gorosabel}, J. and {Lopes de Oliveira}, R. and {Lima-Neto}, G.~B. and {Irwin}, J. and {Liu}, J.~F. and {Alvarez}, E. and {Balmes}, I. and {Chueca}, S. and {Costa-Duarte}, M.~V. and {da Costa}, A.~A. and {Dantas}, M.~L.~L. and {Diaz}, A.~Y. and {Fabregat}, J. and {Ferrari}, F. and {Gavela}, B. and {Gracia}, S.~G. and {Gruel}, N. and {Gutierrez}, J.~L.~L. and {Guzman}, R. and {Hernandez-Fernandez}, J.~D. and {Herranz}, D. and {Hurtado-Gil}, L. and {Jablonsky}, F. and {Laporte}, R. and {Le Tiran}, L.~L. and {Licandro}, J and {Lima}, M. and {Martin}, E. and {Martinez}, V. and {Montero}, J.~J.~C. and {Penteado}, P. and {Pereira}, C.~B. and {Peris}, V. and {Quilis}, V. and {Sanchez-Portal}, M. and {Soja}, A.~C. and {Solano}, E. and {Torra}, J. and {Valdivielso}, L.},
  Journal                  = {ArXiv e-prints},
  Year                     = {2014},

  Month                    = mar,

  Adsnote                  = {Provided by the SAO/NASA Astrophysics Data System},
  Adsurl                   = {http://adsabs.harvard.edu/abs/2014arXiv1403.5237B},
  Archiveprefix            = {arXiv},
  Eprint                   = {1403.5237},
  Keywords                 = {Astrophysics - Cosmology and Extragalactic Astrophysics},
  Primaryclass             = {astro-ph.CO}
}

@Article{Bian2006,
  Title                    = {{Stellar and gaseous velocity dispersions in type II AGNs at 0.3 {\lt} z {\lt} 0.83 from the Sloan Digital Sky Survey}},
  Author                   = {{Bian}, W. and {Gu}, Q. and {Zhao}, Y. and {Chao}, L. and {Cui}, Q. },
  Journal                  = {\mnras},
  Year                     = {2006},

  Month                    = oct,
  Pages                    = {876-884},
  Volume                   = {372},

  Adsnote                  = {Provided by the SAO/NASA Astrophysics Data System},
  Adsurl                   = {http://adsabs.harvard.edu/abs/2006MNRAS.372..876B},
  Doi                      = {10.1111/j.1365-2966.2006.10915.x},
  Eprint                   = {arXiv:astro-ph/0608131},
  Keywords                 = {galaxies: active, galaxies: nuclei, quasars: emission lines}
}

@InProceedings{Blanc2010,
  Title                    = {{The VIRUS-P Exploration of Nearby Galaxies (VENGA): Survey Design and First Results}},
  Author                   = {{Blanc}, G.~A. and {Gebhardt}, K. and {Heiderman}, A. and {Evans}, II, N.~J. and {Jogee}, S. and {van den Bosch}, R. and {Marinova}, I. and {Weinzirl}, T. and {Yoachim}, P. and {Drory}, N. and {Fabricius}, M. and {Fisher}, D. and {Hao}, L. and {MacQueen}, P.~J. and {Shen}, J. and {Hill}, G.~J. and {Kormendy}, J.},
  Booktitle                = {New Horizons in Astronomy: Frank N. Bash Symposium 2009},
  Year                     = {2010},
  Editor                   = {{Stanford}, L.~M. and {Green}, J.~D. and {Hao},, L. and {Mao}, Y. },
  Month                    = oct,
  Pages                    = {180},
  Series                   = {Astronomical Society of the Pacific Conference Series},
  Volume                   = {432},

  Adsnote                  = {Provided by the SAO/NASA Astrophysics Data System},
  Adsurl                   = {http://adsabs.harvard.edu/abs/2010ASPC..432..180B},
  Archiveprefix            = {arXiv},
  Eprint                   = {1001.5035},
  Primaryclass             = {astro-ph.CO}
}

@Article{Blanton2007,
  Title                    = {K-Corrections and Filter Transformations in the Ultraviolet, Optical, and Near-Infrared},
  Author                   = {Michael R. Blanton and Sam Roweis},
  Journal                  = {The Astronomical Journal},
  Year                     = {2007},
  Number                   = {2},
  Pages                    = {734},
  Volume                   = {133},

  Abstract                 = {Template fits to observed galaxy fluxes allow calculation of K -corrections and conversions among observations of galaxies at various wavelengths. We present a method for creating model-based template sets given a set of heterogeneous photometric and spectroscopic galaxy data. Our technique, nonnegative matrix factorization, is akin to principal component analysis (PCA), except that it is constrained to produce nonnegative templates, it can use a basis set of models (rather than the delta-function basis of PCA), and it naturally handles uncertainties, missing data, and heterogeneous data (including broadband fluxes at various redshifts). The particular implementation we present here is suitable for ultraviolet, optical, and near-infrared observations in the redshift range 0 < z < 1.5. Since we base our templates on stellar population synthesis models, the results are interpretable in terms of approximate stellar masses and star formation histories. We present templates fitted with this method to data from Galaxy Evolution Explorer , Sloan Digital Sky Survey spectroscopy and photometry, the Two Micron All Sky Survey, the Deep Extragalactic Evolutionary Probe, and the Great Observatories Origins Deep Survey. In addition, we present software for using such data to estimate K -corrections.},
  Url                      = {http://stacks.iop.org/1538-3881/133/i=2/a=734}
}

@Article{Blanton2007a,
  Title                    = {{K-Corrections and Filter Transformations in the Ultraviolet, Optical, and Near-Infrared}},
  Author                   = {{Blanton}, M.~R. and {Roweis}, S.},
  Journal                  = {\aj},
  Year                     = {2007},

  Month                    = feb,
  Pages                    = {734-754},
  Volume                   = {133},

  Adsnote                  = {Provided by the SAO/NASA Astrophysics Data System},
  Adsurl                   = {http://adsabs.harvard.edu/abs/2007AJ....133..734B},
  Doi                      = {10.1086/510127},
  Eprint                   = {arXiv:astro-ph/0606170},
  Keywords                 = {galaxies: fundamental parameters, galaxies: photometry, galaxies: statistics}
}

@Article{Boksenberg1973,
  Title                    = {{The ultra-violet sky-survey telescope in the TD-IA satellite.}},
  Author                   = {{Boksenberg}, A. and {Evans}, R.~G. and {Fowler}, R.~G. and {Gardner}, I.~S.~K. and {Houziaux}, L. and {Humphries}, C.~M. and {Jamar}, C. and {Macau}, D. and {Malaise}, D. and {Monfils}, A. and {Nandy}, K. and {Thompson}, G.~I. and {Wilson}, R. and {Wroe}, H. },
  Journal                  = {\mnras},
  Year                     = {1973},
  Pages                    = {291-322},
  Volume                   = {163},

  Adsnote                  = {Provided by the SAO/NASA Astrophysics Data System},
  Adsurl                   = {http://adsabs.harvard.edu/abs/1973MNRAS.163..291B}
}

@Article{Borcea2012,
  Title                    = {Synthetic Aperture Radar Imaging and Motion Estimation via Robust Principle Component Analysis},
  Author                   = {Liliana Borcea and Thomas Callaghan and George Papanicolaou},
  Journal                  = {CoRR},
  Year                     = {2012},
  Volume                   = {abs/1208.3700},

  Bibsource                = {DBLP, http://dblp.uni-trier.de},
  Ee                       = {http://arxiv.org/abs/1208.3700}
}

@InProceedings{Born2010,
  Title                    = {{VISTA, a success story: from conceptual design to operation}},
  Author                   = {{Born}, A.~J.},
  Booktitle                = {Society of Photo-Optical Instrumentation Engineers (SPIE) Conference Series},
  Year                     = {2010},
  Month                    = jul,
  Series                   = {Society of Photo-Optical Instrumentation Engineers (SPIE) Conference Series},
  Volume                   = {7738},

  Adsnote                  = {Provided by the SAO/NASA Astrophysics Data System},
  Adsurl                   = {http://adsabs.harvard.edu/abs/2010SPIE.7738E..59B},
  Doi                      = {10.1117/12.857013}
}

@Article{Borucki2010,
  Title                    = {{Kepler Planet-Detection Mission: Introduction and First Results}},
  Author                   = {{Borucki}, W.~J. and {Koch}, D. and {Basri}, G. and {Batalha}, N. and {Brown}, T. and {Caldwell}, D. and {Caldwell}, J. and {Christensen-Dalsgaard}, J. and {Cochran}, W.~D. and {DeVore}, E. and {Dunham}, E.~W. and {Dupree}, A.~K. and {Gautier}, T.~N. and {Geary}, J.~C. and {Gilliland}, R. and {Gould}, A. and {Howell}, S.~B. and {Jenkins}, J.~M. and {Kondo}, Y. and {Latham}, D.~W. and {Marcy}, G.~W. and {Meibom}, S. and {Kjeldsen}, H. and {Lissauer}, J.~J. and {Monet}, D.~G. and {Morrison}, D. and {Sasselov}, D. and {Tarter}, J. and {Boss}, A. and {Brownlee}, D. and {Owen}, T. and {Buzasi}, D. and {Charbonneau}, D. and {Doyle}, L. and {Fortney}, J. and {Ford}, E.~B. and {Holman}, M.~J. and {Seager}, S. and {Steffen}, J.~H. and {Welsh}, W.~F. and {Rowe}, J. and {Anderson}, H. and {Buchhave}, L. and {Ciardi}, D. and {Walkowicz}, L. and {Sherry}, W. and {Horch}, E. and {Isaacson}, H. and {Everett}, M.~E. and {Fischer}, D. and {Torres}, G. and {Johnson}, J.~A. and {Endl}, M. and {MacQueen}, P. and {Bryson}, S.~T. and {Dotson}, J. and {Haas}, M. and {Kolodziejczak}, J. and {Van Cleve}, J. and {Chandrasekaran}, H. and {Twicken}, J.~D. and {Quintana}, E.~V. and {Clarke}, B.~D. and {Allen}, C. and {Li}, J. and {Wu}, H. and {Tenenbaum}, P. and {Verner}, E. and {Bruhweiler}, F. and {Barnes}, J. and {Prsa}, A.},
  Journal                  = {Science},
  Year                     = {2010},

  Month                    = feb,
  Pages                    = {977-},
  Volume                   = {327},

  Adsnote                  = {Provided by the SAO/NASA Astrophysics Data System},
  Adsurl                   = {http://adsabs.harvard.edu/abs/2010Sci...327..977B},
  Doi                      = {10.1126/science.1185402}
}

@Article{Bowyer1993,
  Title                    = {{In-Flight Performance and Preliminary Results from the Far Ultraviolet Space Telescope (Faust) Flown on ATLAS-1}},
  Author                   = {{Bowyer}, S. and {Sasseen}, T.~P. and {Lampton}, M. and {Wu}, X. },
  Journal                  = {\apj},
  Year                     = {1993},

  Month                    = oct,
  Pages                    = {875-+},
  Volume                   = {415},

  Adsnote                  = {Provided by the SAO/NASA Astrophysics Data System},
  Adsurl                   = {http://adsabs.harvard.edu/abs/1993ApJ...415..875B},
  Doi                      = {10.1086/173209},
  Keywords                 = {ARTIFICIAL SATELLITES, SPACE PROBES, INSTRUMENTATION: DETECTORS, TELESCOPES, ULTRAVIOLET: GENERAL, ULTRAVIOLET: STARS}
}

@Article{Bruzual1983,
  Title                    = {{Spectral evolution of galaxies. I - Early-type systems}},
  Author                   = {{Bruzual A.}, G.},
  Journal                  = {\apj},
  Year                     = {1983},

  Month                    = oct,
  Pages                    = {105-127},
  Volume                   = {273},

  Adsnote                  = {Provided by the SAO/NASA Astrophysics Data System},
  Adsurl                   = {http://adsabs.harvard.edu/abs/1983ApJ...273..105B},
  Doi                      = {10.1086/161352},
  Keywords                 = {Astronomical Photometry, Galactic Evolution, Iue, Stellar Evolution, Ultraviolet Spectra, Astronomical Models, Late Stars, Light Curve, Luminosity, Spectral Energy Distribution, Star Formation Rate}
}

@Article{Bruzual2003,
  Title                    = {{Stellar population synthesis at the resolution of 2003}},
  Author                   = {{Bruzual}, G. and {Charlot}, S.},
  Journal                  = {\mnras},
  Year                     = {2003},

  Month                    = oct,
  Pages                    = {1000-1028},
  Volume                   = {344},

  Adsnote                  = {Provided by the SAO/NASA Astrophysics Data System},
  Adsurl                   = {http://adsabs.harvard.edu/abs/2003MNRAS.344.1000B},
  Doi                      = {10.1046/j.1365-8711.2003.06897.x},
  Eprint                   = {arXiv:astro-ph/0309134},
  Keywords                 = {stars: evolution, galaxies: evolution, galaxies: formation, galaxies: stellar content}
}

@Article{Budavari2009,
  Title                    = {{GALEX-SDSS Catalogs for Statistical Studies}},
  Author                   = {{Budav{\'a}ri}, T. and {Heinis}, S. and {Szalay}, A.~S. and {Nieto-Santisteban}, M. and {Gupchup}, J. and {Shiao}, B. and {Smith}, M. and {Chang}, R. and {Kauffmann}, G. and {Morrissey}, P. and {Schiminovich}, D. and {Milliard}, B. and {Wyder}, T.~K. and {Martin}, D.~C. and {Barlow}, T.~A. and {Seibert}, M. and {Forster}, K. and {Bianchi}, L. and {Donas}, J. and {Friedman}, P.~G. and {Heckman}, T.~M. and {Lee}, Y.-W. and {Madore}, B.~F. and {Neff}, S.~G. and {Rich}, R.~M. and {Welsh}, B.~Y.},
  Journal                  = {\apj},
  Year                     = {2009},

  Month                    = apr,
  Pages                    = {1281-1292},
  Volume                   = {694},

  Adsnote                  = {Provided by the SAO/NASA Astrophysics Data System},
  Adsurl                   = {http://adsabs.harvard.edu/abs/2009ApJ...694.1281B},
  Archiveprefix            = {arXiv},
  Doi                      = {10.1088/0004-637X/694/2/1281},
  Eprint                   = {0904.1392},
  Keywords                 = {catalogs, methods: statistical, surveys, ultraviolet: general},
  Primaryclass             = {astro-ph.CO}
}

@Article{Budavari2008,
  Title                    = {{Probabilistic Cross-Identification of Astronomical Sources}},
  Author                   = {{Budav{\'a}ri}, T. and {Szalay}, A.~S.},
  Journal                  = {\apj},
  Year                     = {2008},

  Month                    = may,
  Pages                    = {301-309},
  Volume                   = {679},

  Adsnote                  = {Provided by the SAO/NASA Astrophysics Data System},
  Adsurl                   = {http://adsabs.harvard.edu/abs/2008ApJ...679..301B},
  Archiveprefix            = {arXiv},
  Doi                      = {10.1086/587156},
  Eprint                   = {0707.1611},
  Keywords                 = {Astrometry, Catalogs, Galaxies: Statistics, Methods: Statistical}
}

@Article{Calzetti1994,
  Title                    = {{Dust extinction of the stellar continua in starburst galaxies: The ultraviolet and optical extinction law}},
  Author                   = {{Calzetti}, D. and {Kinney}, A.~L. and {Storchi-Bergmann}, T. },
  Journal                  = {\apj},
  Year                     = {1994},

  Month                    = jul,
  Pages                    = {582-601},
  Volume                   = {429},

  Adsnote                  = {Provided by the SAO/NASA Astrophysics Data System},
  Adsurl                   = {http://adsabs.harvard.edu/abs/1994ApJ...429..582C},
  Doi                      = {10.1086/174346},
  Keywords                 = {ASTRONOMICAL MODELS, CONTINUUMS, DISTRIBUTION FUNCTIONS, INTERPLANETARY DUST, INTERSTELLAR EXTINCTION, METALLICITY, SPECTRA, SPECTRAL ENERGY DISTRIBUTION, STARBURST GALAXIES, ULTRAVIOLET SPECTRA, ANALYTIC FUNCTIONS, APERTURES, AVERAGE, CALIBRATING, DERIVATION, EXTRACTION, IUE, NUMERICAL ANALYSIS, OPTIMIZATION, PHOTOMETRY}
}

@Article{Cappellari2011,
  Title                    = {{The ATLAS$^{3D}$ project - I. A volume-limited sample of 260 nearby early-type galaxies: science goals and selection criteria}},
  Author                   = {{Cappellari}, M. and {Emsellem}, E. and {Krajnovi{\'c}}, D. and {McDermid}, R.~M. and {Scott}, N. and {Verdoes Kleijn}, G.~A. and {Young}, L.~M. and {Alatalo}, K. and {Bacon}, R. and {Blitz}, L. and {Bois}, M. and {Bournaud}, F. and {Bureau}, M. and {Davies}, R.~L. and {Davis}, T.~A. and {de Zeeuw}, P.~T. and {Duc}, P.-A. and {Khochfar}, S. and {Kuntschner}, H. and {Lablanche}, P.-Y. and {Morganti}, R. and {Naab}, T. and {Oosterloo}, T. and {Sarzi}, M. and {Serra}, P. and {Weijmans}, A.-M.},
  Journal                  = {\mnras},
  Year                     = {2011},

  Month                    = may,
  Pages                    = {813-836},
  Volume                   = {413},

  Adsnote                  = {Provided by the SAO/NASA Astrophysics Data System},
  Adsurl                   = {http://adsabs.harvard.edu/abs/2011MNRAS.413..813C},
  Archiveprefix            = {arXiv},
  Doi                      = {10.1111/j.1365-2966.2010.18174.x},
  Eprint                   = {1012.1551},
  Keywords                 = {galaxies: distances and redshifts, galaxies: elliptical and lenticular, cD, galaxies: evolution, galaxies: formation, galaxies: kinematics and dynamics, galaxies: structure},
  Primaryclass             = {astro-ph.CO}
}

@Article{Cardelli1989,
  Title                    = {{The relationship between infrared, optical, and ultraviolet extinction}},
  Author                   = {{Cardelli}, J.~A. and {Clayton}, G.~C. and {Mathis}, J.~S.},
  Journal                  = {\apj},
  Year                     = {1989},

  Month                    = oct,
  Pages                    = {245-256},
  Volume                   = {345},

  Adsnote                  = {Provided by the SAO/NASA Astrophysics Data System},
  Adsurl                   = {http://adsabs.harvard.edu/abs/1989ApJ...345..245C},
  Doi                      = {10.1086/167900},
  Keywords                 = {INFRARED SPECTRA, INTERSTELLAR EXTINCTION, ULTRAVIOLET SPECTRA, VISIBLE SPECTRUM, COMPUTATIONAL ASTROPHYSICS, INTERSTELLAR MATTER, IUE}
}

@Article{Carruthers1973,
  Title                    = {{Apollo 16 far-ultraviolet camera/spectrograph: Instrument and operations.}},
  Author                   = {{Carruthers}, G.~R.},
  Journal                  = {\ao},
  Year                     = {1973},
  Pages                    = {2501-2508},
  Volume                   = {12},

  Adsnote                  = {Provided by the SAO/NASA Astrophysics Data System},
  Adsurl                   = {http://adsabs.harvard.edu/abs/1973ApOpt..12.2501C},
  Doi                      = {10.1364/AO.12.002501}
}

@InProceedings{Chamberlin1974,
  Title                    = {SEQUEL: A structured English query language},
  Author                   = {{Chamberlin}, Donald~D. and {Boyce}, Raymond~F.},
  Booktitle                = {Proceedings of the 1974 ACM SIGFIDET (now SIGMOD) workshop on Data description, access and control},
  Year                     = {1974},

  Address                  = {New York, NY, USA},
  Pages                    = {249--264},
  Publisher                = {ACM},
  Series                   = {SIGFIDET '74},

  Acmid                    = {811515},
  Doi                      = {http://doi.acm.org/10.1145/800296.811515},
  Keywords                 = {Data Base Management Systems, Data Manipulation Languages, Information Retrieval, Query Languages},
  Location                 = {Ann Arbor, Michigan},
  Numpages                 = {16},
  Url                      = {http://doi.acm.org/10.1145/800296.811515}
}

@Article{Chen2012,
  Title                    = {{Evolution of the most massive galaxies to z= 0.6 - I. A new method for physical parameter estimation}},
  Author                   = {{Chen}, Y.-M. and {Kauffmann}, G. and {Tremonti}, C.~A. and {White}, S. and {Heckman}, T.~M. and {Kova{\v c}}, K. and {Bundy}, K. and {Chisholm}, J. and {Maraston}, C. and {Schneider}, D.~P. and {Bolton}, A.~S. and {Weaver}, B.~A. and {Brinkmann}, J.},
  Journal                  = {\mnras},
  Year                     = {2012},

  Month                    = mar,
  Pages                    = {314-332},
  Volume                   = {421},

  Adsnote                  = {Provided by the SAO/NASA Astrophysics Data System},
  Adsurl                   = {http://adsabs.harvard.edu/abs/2012MNRAS.421..314C},
  Archiveprefix            = {arXiv},
  Doi                      = {10.1111/j.1365-2966.2011.20306.x},
  Eprint                   = {1108.4719},
  Keywords                 = {galaxies: evolution, galaxies: star formation},
  Primaryclass             = {astro-ph.GA}
}

@Article{Chilingarian2011,
  Title                    = {{A universal ultraviolet-optical colour-colour-magnitude relation of galaxies}},
  Author                   = {{Chilingarian}, I. and {Zolotukhin}, I.},
  Journal                  = {ArXiv e-prints},
  Year                     = {2011},

  Month                    = feb,

  Adsnote                  = {Provided by the SAO/NASA Astrophysics Data System},
  Adsurl                   = {http://adsabs.harvard.edu/abs/2011arXiv1102.1159C},
  Archiveprefix            = {arXiv},
  Eprint                   = {1102.1159},
  Keywords                 = {Astrophysics - Cosmology and Extragalactic Astrophysics, Astrophysics - Instrumentation and Methods for Astrophysics},
  Primaryclass             = {astro-ph.CO}
}

@Article{CidFernandes2006,
  Title                    = {{Paleontology of Galaxies: recovering the star formation and chemical enrichment histories from galaxy spectra}},
  Author                   = {{Cid Fernandes}, R.},
  Journal                  = {Boletin de la Asociacion Argentina de Astronomia La Plata Argentina},
  Year                     = {2006},
  Pages                    = {228-237},
  Volume                   = {49},

  Adsnote                  = {Provided by the SAO/NASA Astrophysics Data System},
  Adsurl                   = {http://adsabs.harvard.edu/abs/2006BAAA...49..228C},
  Owner                    = {lacerda},
  Timestamp                = {2014.01.15}
}

@Article{CidFernandes2007,
  Title                    = {{Uncovering the chemical enrichment and mass-assembly histories of star-forming galaxies}},
  Author                   = {{Cid Fernandes}, R. and {Asari}, N.~V. and {Sodr{\'e}}, L. and {Stasi{\'n}ska}, G. and {Mateus}, A. and {Torres-Papaqui}, J.~P. and {Schoenell}, W.},
  Journal                  = {\mnras},
  Year                     = {2007},

  Month                    = feb,
  Pages                    = {L16-L20},
  Volume                   = {375},

  Adsnote                  = {Provided by the SAO/NASA Astrophysics Data System},
  Adsurl                   = {http://adsabs.harvard.edu/abs/2007MNRAS.375L..16C},
  Doi                      = {10.1111/j.1745-3933.2006.00265.x},
  Eprint                   = {astro-ph/0610815},
  Keywords                 = {galaxies: evolution, galaxies: statistics, galaxies: stellar content}
}

@Article{CidFernandes2014,
  Title                    = {{Resolving galaxies in time and space. II. Uncertainties in the spectral synthesis of datacubes}},
  Author                   = {{Cid Fernandes}, R. and {Gonz{\'a}lez Delgado}, R.~M. and {Garc{\'{\i}}a Benito}, R. and {P{\'e}rez}, E. and {de Amorim}, A.~L. and {S{\'a}nchez}, S.~F. and {Husemann}, B. and {Falc{\'o}n Barroso}, J. and {L{\'o}pez-Fern{\'a}ndez}, R. and {S{\'a}nchez-Bl{\'a}zquez}, P. and {Vale Asari}, N. and {Vazdekis}, A. and {Walcher}, C.~J. and {Mast}, D.},
  Journal                  = {\aap},
  Year                     = {2014},

  Month                    = jan,
  Pages                    = {A130},
  Volume                   = {561},

  Adsnote                  = {Provided by the SAO/NASA Astrophysics Data System},
  Adsurl                   = {http://adsabs.harvard.edu/abs/2014A%26A...561A.130C},
  Archiveprefix            = {arXiv},
  Doi                      = {10.1051/0004-6361/201321692},
  Eid                      = {A130},
  Eprint                   = {1307.0562},
  Keywords                 = {techniques: imaging spectroscopy, galaxies: evolution, galaxies: stellar content},
  Primaryclass             = {astro-ph.CO}
}

@Article{CidFernandes2004,
  Title                    = {{The Stellar Populations of Low-Luminosity Active Galactic Nuclei. I. Ground-based Observations}},
  Author                   = {{Cid Fernandes}, R. and {Gonz{\'a}lez Delgado}, R.~M. and {Schmitt}, H. and {Storchi-Bergmann}, T. and {Martins}, L.~P. and {P{\'e}rez}, E. and {Heckman}, T. and {Leitherer}, C. and {Schaerer}, D.},
  Journal                  = {\apj},
  Year                     = {2004},

  Month                    = apr,
  Pages                    = {105-126},
  Volume                   = {605},

  Adsnote                  = {Provided by the SAO/NASA Astrophysics Data System},
  Adsurl                   = {http://adsabs.harvard.edu/abs/2004ApJ...605..105C},
  Doi                      = {10.1086/382217},
  Eprint                   = {astro-ph/0401416},
  Keywords                 = {Galaxies: Active, Galaxies: Nuclei, Galaxies: Starburst, Galaxies: Stellar Content}
}

@Article{CidFernandes2005,
  Title                    = {{Semi-empirical analysis of Sloan Digital Sky Survey galaxies - I. Spectral synthesis method}},
  Author                   = {{Cid Fernandes}, R. and {Mateus}, A. and {Sodr{\'e}}, L. and {Stasi{\'n}ska}, G. and {Gomes}, J.~M.},
  Journal                  = {\mnras},
  Year                     = {2005},

  Month                    = apr,
  Pages                    = {363-378},
  Volume                   = {358},

  Adsnote                  = {Provided by the SAO/NASA Astrophysics Data System},
  Adsurl                   = {http://adsabs.harvard.edu/abs/2005MNRAS.358..363C},
  Doi                      = {10.1111/j.1365-2966.2005.08752.x},
  Eprint                   = {arXiv:astro-ph/0412481},
  Keywords                 = {galaxies: evolution, galaxies: fundamental parameters, galaxies: statistics, galaxies: stellar content},
  Owner                    = {lacerda},
  Timestamp                = {2014.01.15}
}

@Article{CidFernandes2013,
  Title                    = {{Resolving galaxies in time and space. I. Applying STARLIGHT to CALIFA datacubes}},
  Author                   = {{Cid Fernandes}, R. and {P{\'e}rez}, E. and {Garc{\'{\i}}a Benito}, R. and {Gonz{\'a}lez Delgado}, R.~M. and {de Amorim}, A.~L. and {S{\'a}nchez}, S.~F. and {Husemann}, B. and {Falc{\'o}n Barroso}, J. and {S{\'a}nchez-Bl{\'a}zquez}, P. and {Walcher}, C.~J. and {Mast}, D.},
  Journal                  = {\aap},
  Year                     = {2013},

  Month                    = sep,
  Pages                    = {A86},
  Volume                   = {557},

  Adsnote                  = {Provided by the SAO/NASA Astrophysics Data System},
  Adsurl                   = {http://adsabs.harvard.edu/abs/2013A%26A...557A..86C},
  Archiveprefix            = {arXiv},
  Doi                      = {10.1051/0004-6361/201220616},
  Eid                      = {A86},
  Eprint                   = {1304.5788},
  Keywords                 = {galaxies: general, galaxies: stellar content, galaxies: fundamental parameters},
  Primaryclass             = {astro-ph.CO}
}

@Article{CidFernandes2011,
  Title                    = {{A comprehensive classification of galaxies in the Sloan Digital Sky Survey: how to tell true from fake AGN?}},
  Author                   = {{Cid Fernandes}, R. and {Stasi{\'n}ska}, G. and {Mateus}, A. and {Vale Asari}, N.},
  Journal                  = {\mnras},
  Year                     = {2011},

  Month                    = may,
  Pages                    = {1687-1699},
  Volume                   = {413},

  __markedentry            = {[andre:6]},
  Abstract                 = {{We use the W$_{Halpha}$ versus [N II]/H{$\alpha$} (WHAN) diagram introduced by us in previous work to provide a comprehensive emission-line classification of Sloan Digital Sky Survey galaxies. This classification is able to cope with the large population of weak line galaxies that do not appear in traditional diagrams due to a lack of some of the diagnostic lines. A further advantage of the WHAN diagram is to allow the differentiation between two very distinct classes that overlap in the low-ionization nuclear emission-line region (LINER) region of traditional diagnostic diagrams. These are galaxies hosting a weakly active galactic nucleus (wAGN) and 'retired galaxies' (RGs), i.e. galaxies that have stopped forming stars and are ionized by their hot low-mass evolved stars.
A useful criterion to distinguish true from fake AGN (i.e. the RGs) is the value of {$\xi$}, which measures the ratio of the extinction-corrected H{$\alpha$} luminosity with respect to the H{$\alpha$} luminosity expected from photoionization by stellar populations older than 10$^{8}$ yr. We find that {$\xi$} follows a markedly bimodal distribution, with a {$\xi$}{\Gt} 1 population composed by systems undergoing star formation and/or nuclear activity, and a peak at {$\xi$}{\tilde} 1 corresponding to the prediction of the RG model. We base our classification scheme not on {$\xi$} but on a more readily available and model-independent quantity which provides an excellent observational proxy for {$\xi$}: the equivalent width of H{$\alpha$}. Based on the bimodal distribution of W$_{Halpha}$, we set the practical division between wAGN and RGs at W$_{Halpha}$= 3 {\AA}.
Five classes of galaxies are identified within the WHAN diagram:
(i) pure star-forming galaxies: ? and W$_{Halpha}$ {\gt} 3 {\AA};
(ii) strong AGN (i.e. Seyferts): ? and W$_{Halpha}$ {\gt} 6 {\AA};
(iii) weak AGN: ? and W$_{Halpha}$ between 3 and 6 {\AA};
(iv) RGs (i.e. fake AGN): W$_{Halpha}$ {\lt} 3 {\AA};
(v) passive galaxies (actually, lineless galaxies): W$_{Halpha}$ and W$_{[N II]}$ {\lt} 0.5 {\AA}.
A comparative analysis of star formation histories and of other physical and observational properties in these different classes of galaxies corroborates our proposed differentiation between RGs and wAGN in the LINER-like family. This analysis also shows similarities between strong and weak AGN on the one hand, and retired and passive galaxies on the other. }},
  Adsnote                  = {Provided by the SAO/NASA Astrophysics Data System},
  Adsurl                   = {http://ads.ari.uni-heidelberg.de/abs/2011MNRAS.413.1687C},
  Archiveprefix            = {arXiv},
  Doi                      = {10.1111/j.1365-2966.2011.18244.x},
  Eprint                   = {1012.4426},
  Keywords                 = {galaxies: active, galaxies: evolution, galaxies: statistics, galaxies: stellar content},
  Owner                    = {andre},
  Primaryclass             = {astro-ph.CO},
  Timestamp                = {2011.10.05}
}

@InProceedings{CidFernandes2010,
  Title                    = {{Emission-Line Taxonomy and the Nature of AGN-Looking Galaxies in the SDSS}},
  Author                   = {{Cid Fernandes}, R. and {Stasi{\'n}ska}, G. and {Vale Asari}, N. and {Mateus}, A. and {Schlickmann}, M.~S. and {Schoenell}, W. and {Schoenell}},
  Booktitle                = {IAU Symposium},
  Year                     = {2010},
  Month                    = may,
  Pages                    = {65-72},
  Series                   = {IAU Symposium},
  Volume                   = {267},

  Adsnote                  = {Provided by the SAO/NASA Astrophysics Data System},
  Adsurl                   = {http://adsabs.harvard.edu/abs/2010IAUS..267...65C},
  Archiveprefix            = {arXiv},
  Doi                      = {10.1017/S1743921310005582},
  Eprint                   = {0912.1376},
  Keywords                 = {galaxies: active, galaxies: Seyfert, galaxies: statistics},
  Owner                    = {lacerda},
  Primaryclass             = {astro-ph.CO},
  Timestamp                = {2014.01.15}
}

@Article{Codd1970,
  Title                    = {A relational model of data for large shared data banks},
  Author                   = {{Codd}, E.~F.},
  Journal                  = {Commun. ACM},
  Year                     = {1970},

  Month                    = {June},
  Pages                    = {377--387},
  Volume                   = {13},

  Acmid                    = {362685},
  Address                  = {New York, NY, USA},
  Doi                      = {http://doi.acm.org/10.1145/362384.362685},
  ISSN                     = {0001-0782},
  Issue                    = {6},
  Issue_date               = {June 1970},
  Keywords                 = {composition, consistency, data bank, data base, data integrity, data organization, data structure, derivability, hierarchies of data, join, networks of data, predicate calculus, redundancy, relations, retrieval language, security},
  Numpages                 = {11},
  Owner                    = {lacerda},
  Publisher                = {ACM},
  Timestamp                = {2014.01.15},
  Url                      = {http://doi.acm.org/10.1145/362384.362685}
}

@Article{Code1970,
  Title                    = {{Ultraviolet Photometry from the Orbiting Astronomical Observatory. I. Instrumentation and Operation}},
  Author                   = {{Code}, A.~D. and {Houck}, T.~E. and {McNall}, J.~F. and {Bless}, R.~C. and {Lillie}, C.~F.},
  Journal                  = {\apj},
  Year                     = {1970},

  Month                    = aug,
  Pages                    = {377-+},
  Volume                   = {161},

  Adsnote                  = {Provided by the SAO/NASA Astrophysics Data System},
  Adsurl                   = {http://adsabs.harvard.edu/abs/1970ApJ...161..377C},
  Doi                      = {10.1086/150545},
  Owner                    = {lacerda},
  Timestamp                = {2014.01.15}
}

@InProceedings{Colless1999,
  Title                    = {{First results from the 2dF Galaxy Redshift Survey}},
  Author                   = {{Colless}, M.},
  Booktitle                = {Large-Scale Structure in the Universe},
  Year                     = {1999},
  Editor                   = {{G.~Efstathiou \& et al.}},
  Pages                    = {105},

  Adsnote                  = {Provided by the SAO/NASA Astrophysics Data System},
  Adsurl                   = {http://adsabs.harvard.edu/abs/1999lssu.conf..105C},
  Owner                    = {lacerda},
  Timestamp                = {2014.01.15}
}

@Article{Croom2012,
  Title                    = {{The Sydney-AAO Multi-object Integral field spectrograph}},
  Author                   = {{Croom}, S.~M. and {Lawrence}, J.~S. and {Bland-Hawthorn}, J. and {Bryant}, J.~J. and {Fogarty}, L. and {Richards}, S. and {Goodwin}, M. and {Farrell}, T. and {Miziarski}, S. and {Heald}, R. and {Jones}, D.~H. and {Lee}, S. and {Colless}, M. and {Brough}, S. and {Hopkins}, A.~M. and {Bauer}, A.~E. and {Birchall}, M.~N. and {Ellis}, S. and {Horton}, A. and {Leon-Saval}, S. and {Lewis}, G. and {L{\'o}pez-S{\'a}nchez}, {\'A}.~R. and {Min}, S.-S. and {Trinh}, C. and {Trowland}, H.},
  Journal                  = {\mnras},
  Year                     = {2012},

  Month                    = mar,
  Pages                    = {872-893},
  Volume                   = {421},

  Adsnote                  = {Provided by the SAO/NASA Astrophysics Data System},
  Adsurl                   = {http://adsabs.harvard.edu/abs/2012MNRAS.421..872C},
  Archiveprefix            = {arXiv},
  Doi                      = {10.1111/j.1365-2966.2011.20365.x},
  Eprint                   = {1112.3367},
  Keywords                 = {instrumentation: spectrographs, techniques: imaging spectroscopy, surveys, galaxies: general, galaxies: kinematics and dynamics},
  Primaryclass             = {astro-ph.CO}
}

@Article{DaCosta1988,
  Title                    = {{The Southern Sky Redshift Survey}},
  Author                   = {{da Costa}, L.~N. and {Pellegrini}, P.~S. and {Sargent}, W.~L.~W. and {Tonry}, J. and {Davis}, M. and {Meiksin}, A. and {Latham}, D.~W. and {Menzies}, J.~W. and {Coulson}, I.~A.},
  Journal                  = {\apj},
  Year                     = {1988},

  Month                    = apr,
  Pages                    = {544-560},
  Volume                   = {327},

  Adsnote                  = {Provided by the SAO/NASA Astrophysics Data System},
  Adsurl                   = {http://adsabs.harvard.edu/abs/1988ApJ...327..544D},
  Doi                      = {10.1086/166215},
  Keywords                 = {COSMOLOGY, GALACTIC CLUSTERS, RED SHIFT, SKY SURVEYS (ASTRONOMY), SOUTHERN SKY, STELLAR LUMINOSITY, ASTRONOMICAL CATALOGS, COMPUTATIONAL ASTROPHYSICS, MORPHOLOGY},
  Owner                    = {lacerda},
  Timestamp                = {2014.01.15}
}

@Article{DeSouza2004,
  Title                    = {{BUDDA: A New Two-dimensional Bulge/Disk Decomposition Code for Detailed Structural Analysis of Galaxies}},
  Author                   = {{de Souza}, R.~E. and {Gadotti}, D.~A. and {dos Anjos}, S.},
  Journal                  = {\apjs},
  Year                     = {2004},

  Month                    = aug,
  Pages                    = {411-427},
  Volume                   = {153},

  Adsnote                  = {Provided by the SAO/NASA Astrophysics Data System},
  Adsurl                   = {http://adsabs.harvard.edu/abs/2004ApJS..153..411D},
  Doi                      = {10.1086/421554},
  Eprint                   = {astro-ph/0404103},
  Keywords                 = {Galaxies: Fundamental Parameters, Galaxies: Photometry, Galaxies: Statistics, Galaxies: Structure, Techniques: Image Processing, Techniques: Photometric},
  Owner                    = {lacerda},
  Timestamp                = {2014.01.15}
}

@Article{de-Zeeuw2002,
  Title                    = {{The SAURON project - II. Sample and early results}},
  Author                   = {{de Zeeuw}, P.~T. and {Bureau}, M. and {Emsellem}, E. and {Bacon}, R. and {Carollo}, C.~M. and {Copin}, Y. and {Davies}, R.~L. and {Kuntschner}, H. and {Miller}, B.~W. and {Monnet}, G. and {Peletier}, R.~F. and {Verolme}, E.~K.},
  Journal                  = {\mnras},
  Year                     = {2002},

  Month                    = jan,
  Pages                    = {513-530},
  Volume                   = {329},

  Adsnote                  = {Provided by the SAO/NASA Astrophysics Data System},
  Adsurl                   = {http://adsabs.harvard.edu/abs/2002MNRAS.329..513D},
  Doi                      = {10.1046/j.1365-8711.2002.05059.x},
  Eprint                   = {astro-ph/0109511},
  Keywords                 = {GALAXIES: ELLIPTICAL AND LENTICULAR, CD, GALAXIES: KINEMATICS AND DYNAMICS, GALAXIES: SPIRAL, GALAXIES: STELLAR CONTENT}
}

@Article{Djorgovski2008,
  Title                    = {{The Palomar-Quest digital synoptic sky survey}},
  Author                   = {{Djorgovski}, S.~G. and {Baltay}, C. and {Mahabal}, A.~A. and {Drake}, A.~J. and {Williams}, R. and {Rabinowitz}, D. and {Graham}, M.~J. and {Donalek}, C. and {Glikman}, E. and {Bauer}, A. and {Scalzo}, R. and {Ellman}, N.},
  Journal                  = {Astronomische Nachrichten},
  Year                     = {2008},

  Month                    = mar,
  Pages                    = {263},
  Volume                   = {329},

  Adsnote                  = {Provided by the SAO/NASA Astrophysics Data System},
  Adsurl                   = {http://adsabs.harvard.edu/abs/2008AN....329..263D},
  Archiveprefix            = {arXiv},
  Doi                      = {10.1002/asna.200710948},
  Eprint                   = {0801.3005},
  Keywords                 = {methods: data analysis, methods: observational, surveys},
  Owner                    = {lacerda},
  Timestamp                = {2014.01.15}
}

@Article{Ferreras2006,
  Title                    = {{A principal component analysis approach to the star formation history of elliptical galaxies in compact groups}},
  Author                   = {{Ferreras}, I. and {Pasquali}, A. and {de Carvalho}, R.~R. and {de la Rosa}, I.~G. and {Lahav}, O.},
  Journal                  = {\mnras},
  Year                     = {2006},

  Month                    = aug,
  Pages                    = {828-836},
  Volume                   = {370},

  Adsnote                  = {Provided by the SAO/NASA Astrophysics Data System},
  Adsurl                   = {http://adsabs.harvard.edu/abs/2006MNRAS.370..828F},
  Doi                      = {10.1111/j.1365-2966.2006.10509.x},
  Eprint                   = {astro-ph/0511753},
  Keywords                 = {galaxies: elliptical and lenticular, cD: galaxies: evolution: galaxies: formation: galaxies: stellar content, cD, galaxies: evolution, galaxies: formation, galaxies: stellar content}
}

@Article{Francis1992,
  Title                    = {{An objective classification scheme for QSO spectra}},
  Author                   = {{Francis}, P.~J. and {Hewett}, P.~C. and {Foltz}, C.~B. and {Chaffee}, F.~H.},
  Journal                  = {\apj},
  Year                     = {1992},

  Month                    = oct,
  Pages                    = {476-490},
  Volume                   = {398},

  Adsnote                  = {Provided by the SAO/NASA Astrophysics Data System},
  Adsurl                   = {http://adsabs.harvard.edu/abs/1992ApJ...398..476F},
  Doi                      = {10.1086/171870},
  Keywords                 = {Astronomical Spectroscopy, Classifying, Quasars, Absorption Spectra, Emission Spectra, Spectral Line Width, Ultraviolet Spectra, Visible Spectrum}
}

@Article{Freeman1970,
  Title                    = {{On the Disks of Spiral and so Galaxies}},
  Author                   = {{Freeman}, K.~C.},
  Journal                  = {\apj},
  Year                     = {1970},

  Month                    = jun,
  Pages                    = {811},
  Volume                   = {160},

  Adsnote                  = {Provided by the SAO/NASA Astrophysics Data System},
  Adsurl                   = {http://adsabs.harvard.edu/abs/1970ApJ...160..811F},
  Doi                      = {10.1086/150474},
  Owner                    = {lacerda},
  Timestamp                = {2014.01.15}
}

@Article{Gallazzi2005,
  Title                    = {{The ages and metallicities of galaxies in the local universe}},
  Author                   = {{Gallazzi}, A. and {Charlot}, S. and {Brinchmann}, J. and {White}, S.~D.~M. and {Tremonti}, C.~A.},
  Journal                  = {\mnras},
  Year                     = {2005},

  Month                    = sep,
  Pages                    = {41-58},
  Volume                   = {362},

  Adsnote                  = {Provided by the SAO/NASA Astrophysics Data System},
  Adsurl                   = {http://adsabs.harvard.edu/abs/2005MNRAS.362...41G},
  Doi                      = {10.1111/j.1365-2966.2005.09321.x},
  Eprint                   = {astro-ph/0506539},
  Keywords                 = {galaxies: evolution, galaxies: formation, galaxies: stellar content}
}

@PhdThesis{Gomes2009,
  Title                    = {Síntese espectral de galáxias: Modelos de populações estelares simples e compostas, ajustes, calibrações e aplicações},
  Author                   = {{Gomes}, J. M},
  School                   = {Curso de Pós-Graduação em Física da Universidade Federal de Santa Catarina},
  Year                     = {2009},

  Owner                    = {andre},
  Timestamp                = {2011.12.14}
}

@Article{GonzalezDelgado2014,
  Title                    = {{The star formation history of CALIFA galaxies: Radial structures}},
  Author                   = {{Gonz{\'a}lez Delgado}, R.~M. and {P{\'e}rez}, E. and {Cid Fernandes}, R. and {Garc{\'{\i}}a-Benito}, R. and {de Amorim}, A.~L. and {S{\'a}nchez}, S.~F. and {Husemann}, B. and {Cortijo-Ferrero}, C. and {L{\'o}pez Fern{\'a}ndez}, R. and {S{\'a}nchez-Bl{\'a}zquez}, P. and {Bekeraite}, S. and {Walcher}, C.~J. and {Falc{\'o}n-Barroso}, J. and {Gallazzi}, A. and {van de Ven}, G. and {Alves}, J. and {Bland-Hawthorn}, J. and {Kennicutt}, R.~C. and {Kupko}, D. and {Lyubenova}, M. and {Mast}, D. and {Moll{\'a}}, M. and {Marino}, R.~A. and {Quirrenbach}, A. and {V{\'{\i}}lchez}, J.~M. and {Wisotzki}, L.},
  Journal                  = {\aap},
  Year                     = {2014},

  Month                    = feb,
  Pages                    = {A47},
  Volume                   = {562},

  Adsnote                  = {Provided by the SAO/NASA Astrophysics Data System},
  Adsurl                   = {http://adsabs.harvard.edu/abs/2014A%26A...562A..47G},
  Archiveprefix            = {arXiv},
  Doi                      = {10.1051/0004-6361/201322011},
  Eid                      = {A47},
  Eprint                   = {1310.5517},
  Keywords                 = {galaxies: evolution, galaxies: stellar content, galaxies: structure, galaxies: fundamental parameters, galaxies: bulges, galaxies: spiral},
  Primaryclass             = {astro-ph.CO}
}

@Article{Haussler2013,
  Title                    = {{MegaMorph - multiwavelength measurement of galaxy structure: complete S{\'e}rsic profile information from modern surveys}},
  Author                   = {{H{\"a}u{\ss}ler}, B. and {Bamford}, S.~P. and {Vika}, M. and {Rojas}, A.~L. and {Barden}, M. and {Kelvin}, L.~S. and {Alpaslan}, M. and {Robotham}, A.~S.~G. and {Driver}, S.~P. and {Baldry}, I.~K. and {Brough}, S. and {Hopkins}, A.~M. and {Liske}, J. and {Nichol}, R.~C. and {Popescu}, C.~C. and {Tuffs}, R.~J.},
  Journal                  = {\mnras},
  Year                     = {2013},

  Month                    = mar,
  Pages                    = {330-369},
  Volume                   = {430},

  Adsnote                  = {Provided by the SAO/NASA Astrophysics Data System},
  Adsurl                   = {http://adsabs.harvard.edu/abs/2013MNRAS.430..330H},
  Archiveprefix            = {arXiv},
  Doi                      = {10.1093/mnras/sts633},
  Eprint                   = {1212.3332},
  Keywords                 = {methods: data analysis, techniques: image processing, galaxies: fundamental parameters, galaxies: structure},
  Owner                    = {lacerda},
  Primaryclass             = {astro-ph.CO},
  Timestamp                = {2014.01.15}
}

@Article{Henize1975,
  Title                    = {{SKYLAB ultraviolet stellar spectra - Variation of intensity and structure of strong lines with temperature and luminosity}},
  Author                   = {{Henize}, K.~G. and {Wray}, J.~D. and {Parsons}, S.~B. and {Benedict}, G.~F. and {Bruhweiler}, F.~C. and {Rybski}, P.~M. and {Ocallaghan}, F.~G. },
  Journal                  = {\apjl},
  Year                     = {1975},

  Month                    = jul,
  Pages                    = {L119-L121},
  Volume                   = {199},

  Adsnote                  = {Provided by the SAO/NASA Astrophysics Data System},
  Adsurl                   = {http://adsabs.harvard.edu/abs/1975ApJ...199L.119H},
  Doi                      = {10.1086/181862},
  Keywords                 = {EARLY STARS, SKYLAB PROGRAM, SPACEBORNE ASTRONOMY, SPECTRAL LINE WIDTH, STELLAR SPECTRA, ULTRAVIOLET SPECTRA, ASTRONOMICAL PHOTOGRAPHY, LUMINOUS INTENSITY, STELLAR LUMINOSITY, STELLAR TEMPERATURE},
  Owner                    = {lacerda},
  Timestamp                = {2014.01.15}
}

@Article{Huchra1983,
  Title                    = {{A survey of galaxy redshifts. IV - The data}},
  Author                   = {{Huchra}, J. and {Davis}, M. and {Latham}, D. and {Tonry}, J. },
  Journal                  = {\apjs},
  Year                     = {1983},

  Month                    = jun,
  Pages                    = {89-119},
  Volume                   = {52},

  Adsnote                  = {Provided by the SAO/NASA Astrophysics Data System},
  Adsurl                   = {http://adsabs.harvard.edu/abs/1983ApJS...52...89H},
  Doi                      = {10.1086/190860},
  Keywords                 = {ASTRONOMICAL CATALOGS, GALACTIC ROTATION, RADIAL VELOCITY, RED SHIFT, ASTRONOMICAL SPECTROSCOPY, LUMINOSITY},
  Owner                    = {lacerda},
  Timestamp                = {2014.01.15}
}

@InProceedings{Huchra1988,
  Title                    = {{Redshift surveys and the description of clustering in the universe}},
  Author                   = {{Huchra}, J.~P.},
  Booktitle                = {The Minnesota lectures on Clusters of Galaxies and Large-Scale Structure},
  Year                     = {1988},
  Editor                   = {{J.~M.~Dickey}},
  Pages                    = {41-70},
  Series                   = {Astronomical Society of the Pacific Conference Series},
  Volume                   = {5},

  Adsnote                  = {Provided by the SAO/NASA Astrophysics Data System},
  Adsurl                   = {http://adsabs.harvard.edu/abs/1988ASPC....5...41H},
  Keywords                 = {GALAXIES, MASS DISTRIBUTION, RED SHIFT, SKY SURVEYS (ASTRONOMY), UNIVERSE, ASTRONOMICAL SPECTROSCOPY, COSMOLOGY, GALACTIC CLUSTERS, MORPHOLOGY, SPATIAL DISTRIBUTION, STATISTICAL ANALYSIS},
  Owner                    = {lacerda},
  Timestamp                = {2014.01.15}
}

@Article{Husemann2013,
  Title                    = {{CALIFA, the Calar Alto Legacy Integral Field Area survey. II. First public data release}},
  Author                   = {{Husemann}, B. and {Jahnke}, K. and {S{\'a}nchez}, S.~F. and {Barrado}, D. and {Bekerait*error*{\.e}}, S. and {Bomans}, D.~J. and {Castillo-Morales}, A. and {Catal{\'a}n-Torrecilla}, C. and {Cid Fernandes}, R. and {Falc{\'o}n-Barroso}, J. and {Garc{\'{\i}}a-Benito}, R. and {Gonz{\'a}lez Delgado}, R.~M. and {Iglesias-P{\'a}ramo}, J. and {Johnson}, B.~D. and {Kupko}, D. and {L{\'o}pez-Fernandez}, R. and {Lyubenova}, M. and {Marino}, R.~A. and {Mast}, D. and {Miskolczi}, A. and {Monreal-Ibero}, A. and {Gil de Paz}, A. and {P{\'e}rez}, E. and {P{\'e}rez}, I. and {Rosales-Ortega}, F.~F. and {Ruiz-Lara}, T. and {Schilling}, U. and {van de Ven}, G. and {Walcher}, J. and {Alves}, J. and {de Amorim}, A.~L. and {Backsmann}, N. and {Barrera-Ballesteros}, J.~K. and {Bland-Hawthorn}, J. and {Cortijo}, C. and {Dettmar}, R.-J. and {Demleitner}, M. and {D{\'{\i}}az}, A.~I. and {Enke}, H. and {Florido}, E. and {Flores}, H. and {Galbany}, L. and {Gallazzi}, A. and {Garc{\'{\i}}a-Lorenzo}, B. and {Gomes}, J.~M. and {Gruel}, N. and {Haines}, T. and {Holmes}, L. and {Jungwiert}, B. and {Kalinova}, V. and {Kehrig}, C. and {Kennicutt}, R.~C. and {Klar}, J. and {Lehnert}, M.~D. and {L{\'o}pez-S{\'a}nchez}, {\'A}.~R. and {de Lorenzo-C{\'a}ceres}, A. and {M{\'a}rmol-Queralt{\'o}}, E. and {M{\'a}rquez}, I. and {Mendez-Abreu}, J. and {Moll{\'a}}, M. and {del Olmo}, A. and {Meidt}, S.~E. and {Papaderos}, P. and {Puschnig}, J. and {Quirrenbach}, A. and {Roth}, M.~M. and {S{\'a}nchez-Bl{\'a}zquez}, P. and {Spekkens}, K. and {Singh}, R. and {Stanishev}, V. and {Trager}, S.~C. and {Vilchez}, J.~M. and {Wild}, V. and {Wisotzki}, L. and {Zibetti}, S. and {Ziegler}, B.},
  Journal                  = {\aap},
  Year                     = {2013},

  Month                    = jan,
  Pages                    = {A87},
  Volume                   = {549},

  Adsnote                  = {Provided by the SAO/NASA Astrophysics Data System},
  Adsurl                   = {http://adsabs.harvard.edu/abs/2013A%26A...549A..87H},
  Archiveprefix            = {arXiv},
  Doi                      = {10.1051/0004-6361/201220582},
  Eid                      = {A87},
  Eprint                   = {1210.8150},
  Keywords                 = {techniques: spectroscopic, Galaxy: general, surveys},
  Owner                    = {lacerda},
  Primaryclass             = {astro-ph.CO},
  Timestamp                = {2014.01.15}
}

@Article{IglesiasParamo2013,
  Title                    = {{Aperture corrections for disk galaxy properties derived from the CALIFA survey. Balmer emission lines in spiral galaxies}},
  Author                   = {{Iglesias-P{\'a}ramo}, J. and {V{\'{\i}}lchez}, J.~M. and {Galbany}, L. and {S{\'a}nchez}, S.~F. and {Rosales-Ortega}, F.~F. and {Mast}, D. and {Garc{\'{\i}}a-Benito}, R. and {Husemann}, B. and {Aguerri}, J.~A.~L. and {Alves}, J. and {Bekerait{\'e}}, S. and {Bland-Hawthorn}, J. and {Catal{\'a}n-Torrecilla}, C. and {de Amorim}, A.~L. and {de Lorenzo-C{\'a}ceres}, A. and {Ellis}, S. and {Falc{\'o}n-Barroso}, J. and {Flores}, H. and {Florido}, E. and {Gallazzi}, A. and {Gomes}, J.~M. and {Gonz{\'a}lez Delgado}, R.~M. and {Haines}, T. and {Hern{\'a}ndez-Fern{\'a}ndez}, J.~D. and {Kehrig}, C. and {L{\'o}pez-S{\'a}nchez}, A.~R. and {Lyubenova}, M. and {Marino}, R.~A. and {Moll{\'a}}, M. and {Monreal-Ibero}, A. and {Mour{\~a}o}, A. and {Papaderos}, P. and {Rodrigues}, M. and {S{\'a}nchez-Bl{\'a}zquez}, P. and {Spekkens}, K. and {Stanishev}, V. and {van de Ven}, G. and {Walcher}, C.~J. and {Wisotzki}, L. and {Zibetti}, S. and {Ziegler}, B. },
  Journal                  = {\aap},
  Year                     = {2013},

  Month                    = may,
  Pages                    = {L7},
  Volume                   = {553},

  Adsnote                  = {Provided by the SAO/NASA Astrophysics Data System},
  Adsurl                   = {http://adsabs.harvard.edu/abs/2013A%26A...553L...7I},
  Archiveprefix            = {arXiv},
  Doi                      = {10.1051/0004-6361/201321460},
  Eid                      = {L7},
  Eprint                   = {1304.1644},
  Keywords                 = {techniques: spectroscopic, galaxies: evolution, surveys, galaxies: ISM},
  Owner                    = {lacerda},
  Primaryclass             = {astro-ph.CO},
  Timestamp                = {2014.01.15}
}

@Article{Ivezic2008,
  Title                    = {{LSST: from Science Drivers to Reference Design and Anticipated Data Products}},
  Author                   = {{Ivezic}, Z. and {Tyson}, J.~A. and {Acosta}, E. and {Allsman}, R. and {Anderson}, S.~F. and {Andrew}, J. and {Angel}, R. and {Axelrod}, T. and {Barr}, J.~D. and {Becker}, A.~C. and {Becla}, J. and {Beldica}, C. and {Blandford}, R.~D. and {Bloom}, J.~S. and {Borne}, K. and {Brandt}, W.~N. and {Brown}, M.~E. and {Bullock}, J.~S. and {Burke}, D.~L. and {Chandrasekharan}, S. and {Chesley}, S. and {Claver}, C.~F. and {Connolly}, A. and {Cook}, K.~H. and {Cooray}, A. and {Covey}, K.~R. and {Cribbs}, C. and {Cutri}, R. and {Daues}, G. and {Delgado}, F. and {Ferguson}, H. and {Gawiser}, E. and {Geary}, J.~C. and {Gee}, P. and {Geha}, M. and {Gibson}, R.~R. and {Gilmore}, D.~K. and {Gressler}, W.~J. and {Hogan}, C. and {Huffer}, M.~E. and {Jacoby}, S.~H. and {Jain}, B. and {Jernigan}, J.~G. and {Jones}, R.~L. and {Juric}, M. and {Kahn}, S.~M. and {Kalirai}, J.~S. and {Kantor}, J.~P. and {Kessler}, R. and {Kirkby}, D. and {Knox}, L. and {Krabbendam}, V.~L. and {Krughoff}, S. and {Kulkarni}, S. and {Lambert}, R. and {Levine}, D. and {Liang}, M. and {Lim}, K. and {Lupton}, R.~H. and {Marshall}, P. and {Marshall}, S. and {May}, M. and {Miller}, M. and {Mills}, D.~J. and {Monet}, D.~G. and {Neill}, D.~R. and {Nordby}, M. and {O'Connor}, P. and {Oliver}, J. and {Olivier}, S.~S. and {Olsen}, K. and {Owen}, R.~E. and {Peterson}, J.~R. and {Petry}, C.~E. and {Pierfederici}, F. and {Pietrowicz}, S. and {Pike}, R. and {Pinto}, P.~A. and {Plante}, R. and {Radeka}, V. and {Rasmussen}, A. and {Ridgway}, S.~T. and {Rosing}, W. and {Saha}, A. and {Schalk}, T.~L. and {Schindler}, R.~H. and {Schneider}, D.~P. and {Schumacher}, G. and {Sebag}, J. and {Seppala}, L.~G. and {Shipsey}, I. and {Silvestri}, N. and {Smith}, J.~A. and {Smith}, R.~C. and {Strauss}, M.~A. and {Stubbs}, C.~W. and {Sweeney}, D. and {Szalay}, A. and {Thaler}, J.~J. and {Vanden Berk}, D. and {Walkowicz}, L. and {Warner}, M. and {Willman}, B. and {Wittman}, D. and {Wolff}, S.~C. and {Wood-Vasey}, W.~M. and {Yoachim}, P. and {Zhan}, H. and {for the LSST Collaboration} },
  Journal                  = {ArXiv e-prints},
  Year                     = {2008},

  Month                    = may,

  Adsnote                  = {Provided by the SAO/NASA Astrophysics Data System},
  Adsurl                   = {http://adsabs.harvard.edu/abs/2008arXiv0805.2366I},
  Archiveprefix            = {arXiv},
  Eprint                   = {0805.2366},
  Keywords                 = {Astrophysics}
}

@Article{Johnston2012,
  Title                    = {{Spectroscopic bulge-disc decomposition: a new method to study the evolution of lenticular galaxies}},
  Author                   = {{Johnston}, E.~J. and {Arag{\'o}n-Salamanca}, A. and {Merrifield}, M.~R. and {Bedregal}, A.~G.},
  Journal                  = {\mnras},
  Year                     = {2012},

  Month                    = may,
  Pages                    = {2590-2599},
  Volume                   = {422},

  Adsnote                  = {Provided by the SAO/NASA Astrophysics Data System},
  Adsurl                   = {http://adsabs.harvard.edu/abs/2012MNRAS.422.2590J},
  Archiveprefix            = {arXiv},
  Doi                      = {10.1111/j.1365-2966.2012.20813.x},
  Eprint                   = {1202.6064},
  Keywords                 = {galaxies: clusters: general, galaxies: elliptical and lenticular, cD, galaxies: evolution, galaxies: formation, galaxies: stellar content},
  Owner                    = {lacerda},
  Primaryclass             = {astro-ph.CO},
  Timestamp                = {2014.01.15}
}

@Book{JolliffePCA1986,
  Title                    = {Principal Component Analysis},
  Author                   = {Jolliffe, I.T.},
  Publisher                = {Springer},
  Year                     = {2002},
  Edition                  = {2nd},
  Series                   = {Springer series in statistics},

  Abstract                 = {it shows the connection between PCA and SVD; talks about how to choose the number of eigenvectors to keep; discusses outlier detection; uses PCA for stock prices (Dow Jones)},
  Added-at                 = {2007-12-09T20:51:37.000+0100},
  Biburl                   = {http://www.bibsonomy.org/bibtex/21b71c6fb66b439679c9e0974777a8677/marymcglo},
  Contents                 = {(not listed)},
  Interhash                = {2d412ce0d00e97ad8c2bdbeb053a4977},
  Intrahash                = {1b71c6fb66b439679c9e0974777a8677},
  Keywords                 = {imported},
  Timestamp                = {2007-12-09T20:51:37.000+0100}
}

@Article{Kamruzzaman2010,
  Title                    = {Rotation Invariant Face Detection Using Wavelet, PCA and Radial Basis Function Networks},
  Author                   = {S. M. Kamruzzaman and Firoz Ahmed Siddiqi and Md. Saiful Islam and Md. Emdadul Haque and Mohammad Shamsul Alam},
  Journal                  = {CoRR},
  Year                     = {2010},
  Volume                   = {abs/1009.4974},

  Bibsource                = {DBLP, http://dblp.uni-trier.de},
  Ee                       = {http://arxiv.org/abs/1009.4974}
}

@Article{Kauffmann2003,
  Title                    = {{The dependence of star formation history and internal structure on stellar mass for 10$^{5}$ low-redshift galaxies}},
  Author                   = {{Kauffmann}, G. and {Heckman}, T.~M. and {White}, S.~D.~M. and {Charlot}, S. and {Tremonti}, C. and {Peng}, E.~W. and {Seibert}, M. and {Brinkmann}, J. and {Nichol}, R.~C. and {SubbaRao}, M. and {York}, D. },
  Journal                  = {\mnras},
  Year                     = {2003},

  Month                    = may,
  Pages                    = {54-69},
  Volume                   = {341},

  Adsnote                  = {Provided by the SAO/NASA Astrophysics Data System},
  Adsurl                   = {http://adsabs.harvard.edu/abs/2003MNRAS.341...54K},
  Doi                      = {10.1046/j.1365-8711.2003.06292.x},
  Eprint                   = {astro-ph/0205070},
  Keywords                 = {galaxies: evolution, galaxies: formation, galaxies: stellar content},
  Owner                    = {lacerda},
  Timestamp                = {2014.01.15}
}

@Article{Kelz2006,
  Title                    = {{PMAS: The Potsdam Multi-Aperture Spectrophotometer. II. The Wide Integral Field Unit PPak}},
  Author                   = {{Kelz}, A. and {Verheijen}, M.~A.~W. and {Roth}, M.~M. and {Bauer}, S.~M. and {Becker}, T. and {Paschke}, J. and {Popow}, E. and {S{\'a}nchez}, S.~F. and {Laux}, U.},
  Journal                  = {\pasp},
  Year                     = {2006},

  Month                    = jan,
  Pages                    = {129-145},
  Volume                   = {118},

  Adsnote                  = {Provided by the SAO/NASA Astrophysics Data System},
  Adsurl                   = {http://adsabs.harvard.edu/abs/2006PASP..118..129K},
  Doi                      = {10.1086/497455},
  Eprint                   = {astro-ph/0512557},
  Keywords                 = {Instrumentation: Spectrographs, Techniques: Photometric, Techniques: Spectroscopic}
}

@Book{Kondo1987,
  Title                    = {Exploring the universe with the IUE satellite},
  Author                   = {{Kondo}, Y. and {Wamsteker}, W.},
  Publisher                = {D. Reidel},
  Year                     = {1987},
  Series                   = {Astrophysics and space science library},

  ISBN                     = {9789027723802},
  Lccn                     = {87009807},
  Url                      = {http://books.google.com/books?id=hDcpAAAAYAAJ}
}

@InProceedings{Kunszt2001,
  Title                    = {The Hierarchical Triangular Mesh},
  Author                   = {{Kunszt}, P.Z. and {Szalay}, A. S. and {Thakar} A. R.},
  Booktitle                = {Mining the sky: proceedings of the MPA/ESO/MPE Workshop, held at Garching, Germany, July 31-August 4, 2000},
  Year                     = {2001},
  Editor                   = {{Banday}, A.J. and {Zaroubi}, S. and{Bartelmann}, M.},
  Pages                    = {631-637},
  Publisher                = {Springer},
  Series                   = {ESO astrophysics symposia},

  Owner                    = {andre},
  Timestamp                = {2011.10.21}
}

@InProceedings{Kunszt2000,
  Title                    = {{The Indexing of the SDSS Science Archive}},
  Author                   = {{Kunszt}, P.~Z. and {Szalay}, A.~S. and {Csabai}, I. and {Thakar}, A.~R.},
  Booktitle                = {Astronomical Data Analysis Software and Systems IX},
  Year                     = {2000},
  Editor                   = {{N.~Manset, C.~Veillet, \& D.~Crabtree}},
  Pages                    = {141-+},
  Series                   = {Astronomical Society of the Pacific Conference Series},
  Volume                   = {216},

  Adsnote                  = {Provided by the SAO/NASA Astrophysics Data System},
  Adsurl                   = {http://adsabs.harvard.edu/abs/2000ASPC..216..141K}
}

@MastersThesis{mscthesis,
  Title                    = {Tomografia PCA aplicada às galáxias do Projeto CALIFA Survey},
  Author                   = {Lacerda, E. A. D.},
  School                   = {Curso de Pós-Graduação em Física da Universidade Federal de Santa Catarina.},
  Year                     = {2014},

  Owner                    = {lacerda},
  Timestamp                = {2014.05.27}
}

@Article{Lara-Lopez2010,
  Title                    = {{Study of star-forming galaxies in SDSS up to redshift 0.4. II. Evolution from the fundamental parameters: mass, metallicity and star formation rate}},
  Author                   = {{Lara-L{\'o}pez}, M.~A. and {Bongiovanni}, A. and {Cepa}, J. and {P{\'e}rez Garc{\'{\i}}a}, A.~M. and {S{\'a}nchez-Portal}, M. and {Casta{\~n}eda}, H.~O. and {Fern{\'a}ndez Lorenzo}, M. and {Povi{\'c}}, M. },
  Journal                  = {\aap},
  Year                     = {2010},

  Month                    = sep,
  Pages                    = {A31},
  Volume                   = {519},

  Adsnote                  = {Provided by the SAO/NASA Astrophysics Data System},
  Adsurl                   = {http://adsabs.harvard.edu/abs/2010A%26A...519A..31L},
  Archiveprefix            = {arXiv},
  Doi                      = {10.1051/0004-6361/200913886},
  Eid                      = {A31},
  Eprint                   = {1003.5475},
  Keywords                 = {galaxies: abundances, galaxies: evolution, galaxies: starburst, galaxies: spiral, galaxies: star formation},
  Primaryclass             = {astro-ph.CO}
}

@Article{Lara-Lopez2009,
  Title                    = {{Study of star-forming galaxies in SDSS up to redshift 0.4. I. Metallicity evolution}},
  Author                   = {{Lara-L{\'o}pez}, M.~A. and {Cepa}, J. and {Bongiovanni}, A. and {P{\'e}rez Garc{\'{\i}}a}, A.~M. and {Casta{\~n}eda}, H. and {Fern{\'a}ndez Lorenzo}, M. and {Povi{\'c}}, M. and {S{\'a}nchez-Portal}, M. },
  Journal                  = {\aap},
  Year                     = {2009},

  Month                    = oct,
  Pages                    = {529-539},
  Volume                   = {505},

  Adsnote                  = {Provided by the SAO/NASA Astrophysics Data System},
  Adsurl                   = {http://adsabs.harvard.edu/abs/2009A%26A...505..529L},
  Archiveprefix            = {arXiv},
  Doi                      = {10.1051/0004-6361/200912214},
  Eprint                   = {0907.0450},
  Keywords                 = {galaxies: abundances, galaxies: evolution, galaxies: starburst},
  Primaryclass             = {astro-ph.CO}
}

@Article{Li2008,
  Title                    = {CasJobs and MyDB: A Batch Query Workbench},
  Author                   = {{Li}, N. and {Thakar}, A.~R.},
  Journal                  = {Computing in Science Engineering},
  Year                     = {2008},

  Month                    = {jan.-feb. },
  Number                   = {1},
  Pages                    = {18 -29},
  Volume                   = {10},

  Doi                      = {10.1109/MCSE.2008.6},
  ISSN                     = {1521-9615},
  Keywords                 = {asynchronous query workbench service;catalog archive server job;personal database;unrestricted SQL queries;SQL;Web services;query processing;}
}

@Article{Liang2007,
  Title                    = {{The direct oxygen abundances of metal-rich galaxies derived from electron temperature}},
  Author                   = {{Liang}, Y.~C. and {Hammer}, F. and {Yin}, S.~Y. and {Flores}, H. and {Rodrigues}, M. and {Yang}, Y.~B.},
  Journal                  = {\aap},
  Year                     = {2007},

  Month                    = oct,
  Pages                    = {411-421},
  Volume                   = {473},

  Adsnote                  = {Provided by the SAO/NASA Astrophysics Data System},
  Adsurl                   = {http://adsabs.harvard.edu/abs/2007A%26A...473..411L},
  Archiveprefix            = {arXiv},
  Doi                      = {10.1051/0004-6361:20077436},
  Eprint                   = {0708.1648},
  Keywords                 = {galaxies: abundances, galaxies: evolution, galaxies: ISM, galaxies: spiral, galaxies: starburst, galaxies: stellar content}
}

@Article{Lintott2008,
  Title                    = {{Galaxy Zoo: morphologies derived from visual inspection of galaxies from the Sloan Digital Sky Survey}},
  Author                   = {{Lintott}, C.~J. and {Schawinski}, K. and {Slosar}, A. and {Land}, K. and {Bamford}, S. and {Thomas}, D. and {Raddick}, M.~J. and {Nichol}, R.~C. and {Szalay}, A. and {Andreescu}, D. and {Murray}, P. and {Vandenberg}, J. },
  Journal                  = {\mnras},
  Year                     = {2008},

  Month                    = sep,
  Pages                    = {1179-1189},
  Volume                   = {389},

  Adsnote                  = {Provided by the SAO/NASA Astrophysics Data System},
  Adsurl                   = {http://adsabs.harvard.edu/abs/2008MNRAS.389.1179L},
  Archiveprefix            = {arXiv},
  Doi                      = {10.1111/j.1365-2966.2008.13689.x},
  Eprint                   = {0804.4483},
  Keywords                 = {methods: data analysis , galaxies: elliptical and lenticular, cD , galaxies: general , galaxies: spiral}
}

@Article{MendezAbreu2008,
  Title                    = {{Structural properties of disk galaxies. I. The intrinsic equatorial ellipticity of bulges}},
  Author                   = {{M{\'e}ndez-Abreu}, J. and {Aguerri}, J.~A.~L. and {Corsini}, E.~M. and {Simonneau}, E.},
  Journal                  = {\aap},
  Year                     = {2008},

  Month                    = feb,
  Pages                    = {353-369},
  Volume                   = {478},

  Adsnote                  = {Provided by the SAO/NASA Astrophysics Data System},
  Adsurl                   = {http://adsabs.harvard.edu/abs/2008A%26A...478..353M},
  Doi                      = {10.1051/0004-6361:20078089},
  Keywords                 = {galaxies: bulges, galaxies: formation, galaxies: fundamental parameters, galaxies: photometry, galaxies: statistics, galaxies: structure},
  Owner                    = {lacerda},
  Timestamp                = {2014.01.15}
}

@Article{Maier1986,
  Title                    = {Development of an object-oriented DBMS},
  Author                   = {{Maier}, David and {Stein}, Jacob and {Otis}, Allen and {Purdy}, Alan},
  Journal                  = {SIGPLAN Not.},
  Year                     = {1986},

  Month                    = {June},
  Pages                    = {472--482},
  Volume                   = {21},

  Acmid                    = {28746},
  Address                  = {New York, NY, USA},
  Doi                      = {http://doi.acm.org/10.1145/960112.28746},
  ISSN                     = {0362-1340},
  Issue                    = {11},
  Numpages                 = {11},
  Publisher                = {ACM},
  Url                      = {http://doi.acm.org/10.1145/960112.28746}
}

@Article{Martin2005,
  Title                    = {{The Galaxy Evolution Explorer: A Space Ultraviolet Survey Mission}},
  Author                   = {{Martin}, D.~C. and {Fanson}, J. and {Schiminovich}, D. and {Morrissey}, P. and {Friedman}, P.~G. and {Barlow}, T.~A. and {Conrow}, T. and {Grange}, R. and {Jelinsky}, P.~N. and {Milliard}, B. and {Siegmund}, O.~H.~W. and {Bianchi}, L. and {Byun}, Y.-I. and {Donas}, J. and {Forster}, K. and {Heckman}, T.~M. and {Lee}, Y.-W. and {Madore}, B.~F. and {Malina}, R.~F. and {Neff}, S.~G. and {Rich}, R.~M. and {Small}, T. and {Surber}, F. and {Szalay}, A.~S. and {Welsh}, B. and {Wyder}, T.~K.},
  Journal                  = {\apjl},
  Year                     = {2005},

  Month                    = jan,
  Pages                    = {L1-L6},
  Volume                   = {619},

  Adsnote                  = {Provided by the SAO/NASA Astrophysics Data System},
  Adsurl                   = {http://adsabs.harvard.edu/abs/2005ApJ...619L...1M},
  Doi                      = {10.1086/426387},
  Eprint                   = {arXiv:astro-ph/0411302},
  Keywords                 = {Galaxies: Evolution, Galaxies: General, Space Vehicles: Instruments, Surveys, Ultraviolet: Galaxies, Ultraviolet: General}
}

@Article{Martin2007,
  Title                    = {{The UV-Optical Galaxy Color-Magnitude Diagram. III. Constraints on Evolution from the Blue to the Red Sequence}},
  Author                   = {{Martin}, D.~C. and {Wyder}, T.~K. and {Schiminovich}, D. and {Barlow}, T.~A. and {Forster}, K. and {Friedman}, P.~G. and {Morrissey}, P. and {Neff}, S.~G. and {Seibert}, M. and {Small}, T. and {Welsh}, B.~Y. and {Bianchi}, L. and {Donas}, J. and {Heckman}, T.~M. and {Lee}, Y.-W. and {Madore}, B.~F. and {Milliard}, B. and {Rich}, R.~M. and {Szalay}, A.~S. and {Yi}, S.~K.},
  Journal                  = {\apjs},
  Year                     = {2007},

  Month                    = dec,
  Pages                    = {342-356},
  Volume                   = {173},

  Adsnote                  = {Provided by the SAO/NASA Astrophysics Data System},
  Adsurl                   = {http://adsabs.harvard.edu/abs/2007ApJS..173..342M},
  Doi                      = {10.1086/516639},
  Eprint                   = {arXiv:astro-ph/0703281},
  Keywords                 = {Galaxies: Evolution, Ultraviolet: Galaxies}
}

@PhdThesis{Mateus2006,
  Title                    = {Análise Semi-Empírica de Espectros de Galáxias},
  Author                   = {{Mateus}, A.},
  School                   = {Instituto de Astronomia, Geofísica e Ciências Atmosféricas da Universidade de São Paulo},
  Year                     = {2006},

  Owner                    = {andre},
  Timestamp                = {2011.12.14}
}

@Article{Mateus2007,
  Title                    = {{Semi-empirical analysis of Sloan Digital Sky Survey galaxies - IV. A nature via nurture scenario for galaxy evolution}},
  Author                   = {{Mateus}, A. and {Sodr{\'e}}, L. and {Cid Fernandes}, R. and {Stasi{\'n}ska}, G.},
  Journal                  = {\mnras},
  Year                     = {2007},

  Month                    = feb,
  Pages                    = {1457-1472},
  Volume                   = {374},

  Adsnote                  = {Provided by the SAO/NASA Astrophysics Data System},
  Adsurl                   = {http://adsabs.harvard.edu/abs/2007MNRAS.374.1457M},
  Doi                      = {10.1111/j.1365-2966.2006.11290.x},
  Eprint                   = {astro-ph/0604063},
  Keywords                 = {stars: formation, galaxies: evolution, galaxies: formation, galaxies: fundamental parameters, galaxies: stellar content}
}

@Article{Moles2008,
  Title                    = {{The Alhambra Survey: a Large Area Multimedium-Band Optical and Near-Infrared Photometric Survey}},
  Author                   = {{Moles}, M. and {Ben{\'{\i}}tez}, N. and {Aguerri}, J.~A.~L. and {Alfaro}, E.~J. and {Broadhurst}, T. and {Cabrera-Ca{\~n}o}, J. and {Castander}, F.~J. and {Cepa}, J. and {Cervi{\~n}o}, M. and {Crist{\'o}bal-Hornillos}, D. and {Fern{\'a}ndez-Soto}, A. and {Gonz{\'a}lez Delgado}, R.~M. and {Infante}, L. and {M{\'a}rquez}, I. and {Mart{\'{\i}}nez}, V.~J. and {Masegosa}, J. and {del Olmo}, A. and {Perea}, J. and {Prada}, F. and {Quintana}, J.~M. and {S{\'a}nchez}, S.~F. },
  Journal                  = {\aj},
  Year                     = {2008},

  Month                    = sep,
  Pages                    = {1325-1339},
  Volume                   = {136},

  Adsnote                  = {Provided by the SAO/NASA Astrophysics Data System},
  Adsurl                   = {http://adsabs.harvard.edu/abs/2008AJ....136.1325M},
  Archiveprefix            = {arXiv},
  Doi                      = {10.1088/0004-6256/136/3/1325},
  Eprint                   = {0806.3021},
  Keywords                 = {cosmology: observations, galaxies: evolution, surveys, techniques: photometric},
  Owner                    = {lacerda},
  Timestamp                = {2014.01.15}
}

@Article{Morrissey2007,
  Title                    = {{The Calibration and Data Products of GALEX}},
  Author                   = {{Morrissey}, P. and {Conrow}, T. and {Barlow}, T.~A. and {Small}, T. and {Seibert}, M. and {Wyder}, T.~K. and {Budav{\'a}ri}, T. and {Arnouts}, S. and {Friedman}, P.~G. and {Forster}, K. and {Martin}, D.~C. and {Neff}, S.~G. and {Schiminovich}, D. and {Bianchi}, L. and {Donas}, J. and {Heckman}, T.~M. and {Lee}, Y.-W. and {Madore}, B.~F. and {Milliard}, B. and {Rich}, R.~M. and {Szalay}, A.~S. and {Welsh}, B.~Y. and {Yi}, S.~K. },
  Journal                  = {\apjs},
  Year                     = {2007},

  Month                    = dec,
  Pages                    = {682-697},
  Volume                   = {173},

  Adsnote                  = {Provided by the SAO/NASA Astrophysics Data System},
  Adsurl                   = {http://adsabs.harvard.edu/abs/2007ApJS..173..682M},
  Doi                      = {10.1086/520512},
  Keywords                 = {Space Vehicles, Surveys, Telescopes, Ultraviolet: General}
}

@Article{Morrissey2005,
  Title                    = {{The On-Orbit Performance of the Galaxy Evolution Explorer}},
  Author                   = {{Morrissey}, P. and {Schiminovich}, D. and {Barlow}, T.~A. and {Martin}, D.~C. and {Blakkolb}, B. and {Conrow}, T. and {Cooke}, B. and {Erickson}, K. and {Fanson}, J. and {Friedman}, P.~G. and {Grange}, R. and {Jelinsky}, P.~N. and {Lee}, S.-C. and {Liu}, D. and {Mazer}, A. and {McLean}, R. and {Milliard}, B. and {Randall}, D. and {Schmitigal}, W. and {Sen}, A. and {Siegmund}, O.~H.~W. and {Surber}, F. and {Vaughan}, A. and {Viton}, M. and {Welsh}, B.~Y. and {Bianchi}, L. and {Byun}, Y.-I. and {Donas}, J. and {Forster}, K. and {Heckman}, T.~M. and {Lee}, Y.-W. and {Madore}, B.~F. and {Malina}, R.~F. and {Neff}, S.~G. and {Rich}, R.~M. and {Small}, T. and {Szalay}, A.~S. and {Wyder}, T.~K.},
  Journal                  = {\apjl},
  Year                     = {2005},

  Month                    = jan,
  Pages                    = {L7-L10},
  Volume                   = {619},

  Adsnote                  = {Provided by the SAO/NASA Astrophysics Data System},
  Adsurl                   = {http://adsabs.harvard.edu/abs/2005ApJ...619L...7M},
  Doi                      = {10.1086/424734},
  Eprint                   = {arXiv:astro-ph/0411310},
  Keywords                 = {Space Vehicles: Instruments, Surveys, Telescopes, Ultraviolet: General}
}

@Article{Norris2010,
  Title                    = {{Next-generation Astronomy}},
  Author                   = {{Norris}, R.~P.},
  Journal                  = {ArXiv e-prints},
  Year                     = {2010},

  Month                    = sep,

  Adsnote                  = {Provided by the SAO/NASA Astrophysics Data System},
  Adsurl                   = {http://adsabs.harvard.edu/abs/2010arXiv1009.6027N},
  Archiveprefix            = {arXiv},
  Eprint                   = {1009.6027},
  Keywords                 = {Astrophysics - Instrumentation and Methods for Astrophysics, Physics - History of Physics},
  Primaryclass             = {astro-ph.IM}
}

@Article{OMill2011,
  Title                    = {{Photometric redshifts and k-corrections for the Sloan Digital Sky Survey Data Release 7}},
  Author                   = {{O'Mill}, A.~L. and {Duplancic}, F. and {Garc{\'{\i}}a Lambas}, D. and {Sodr{\'e}}, Jr., L.},
  Journal                  = {\mnras},
  Year                     = {2011},

  Month                    = may,
  Pages                    = {1395-1408},
  Volume                   = {413},

  Adsnote                  = {Provided by the SAO/NASA Astrophysics Data System},
  Adsurl                   = {http://adsabs.harvard.edu/abs/2011MNRAS.413.1395O},
  Archiveprefix            = {arXiv},
  Doi                      = {10.1111/j.1365-2966.2011.18222.x},
  Eprint                   = {1012.3752},
  Keywords                 = {galaxies: distances and redshifts, galaxies: formation, cosmology: theory},
  Primaryclass             = {astro-ph.CO}
}

@Article{Ocvirk2006,
  Title                    = {{STECKMAP: STEllar Content and Kinematics from high resolution galactic spectra via Maximum A Posteriori}},
  Author                   = {{Ocvirk}, P. and {Pichon}, C. and {Lan{\c c}on}, A. and {Thi{\'e}baut}, E. },
  Journal                  = {\mnras},
  Year                     = {2006},

  Month                    = jan,
  Pages                    = {74-84},
  Volume                   = {365},

  Adsnote                  = {Provided by the SAO/NASA Astrophysics Data System},
  Adsurl                   = {http://adsabs.harvard.edu/abs/2006MNRAS.365...74O},
  Doi                      = {10.1111/j.1365-2966.2005.09323.x},
  Eprint                   = {astro-ph/0507002},
  Keywords                 = {methodqs: data analysis, methods: statistical, techniques: spectroscopic, galaxies: abundances, galaxies: kinematics and dynamics, galaxies: stellar content}
}

@Article{Perez2013,
  Title                    = {{The Evolution of Galaxies Resolved in Space and Time: A View of Inside-out Growth from the CALIFA Survey}},
  Author                   = {{P{\'e}rez}, E. and {Cid Fernandes}, R. and {Gonz{\'a}lez Delgado}, R.~M. and {Garc{\'{\i}}a-Benito}, R. and {S{\'a}nchez}, S.~F. and {Husemann}, B. and {Mast}, D. and {Rod{\'o}n}, J.~R. and {Kupko}, D. and {Backsmann}, N. and {de Amorim}, A.~L. and {van de Ven}, G. and {Walcher}, J. and {Wisotzki}, L. and {Cortijo-Ferrero}, C. and {Collaboration6}, C. },
  Journal                  = {\apjl},
  Year                     = {2013},

  Month                    = feb,
  Pages                    = {L1},
  Volume                   = {764},

  Adsnote                  = {Provided by the SAO/NASA Astrophysics Data System},
  Adsurl                   = {http://adsabs.harvard.edu/abs/2013ApJ...764L...1P},
  Archiveprefix            = {arXiv},
  Doi                      = {10.1088/2041-8205/764/1/L1},
  Eid                      = {L1},
  Eprint                   = {1301.1679},
  Keywords                 = {galaxies: bulges, galaxies: evolution, galaxies: fundamental parameters, galaxies: stellar content, galaxies: structure},
  Owner                    = {lacerda},
  Primaryclass             = {astro-ph.CO},
  Timestamp                = {2014.01.15}
}

@Article{Panter2003,
  Title                    = {{Star formation and metallicity history of the SDSS galaxy survey: unlocking the fossil record}},
  Author                   = {{Panter}, B. and {Heavens}, A.~F. and {Jimenez}, R.},
  Journal                  = {\mnras},
  Year                     = {2003},

  Month                    = aug,
  Pages                    = {1145-1154},
  Volume                   = {343},

  Adsnote                  = {Provided by the SAO/NASA Astrophysics Data System},
  Adsurl                   = {http://adsabs.harvard.edu/abs/2003MNRAS.343.1145P},
  Doi                      = {10.1046/j.1365-8711.2003.06722.x},
  Eprint                   = {astro-ph/0211546},
  Keywords                 = {methods: data analysis, methods: statistical, galaxies: fundamental parameters, galaxies: statistics, galaxies: stellar content}
}

@Article{Peeples2009,
  Title                    = {{Outliers from the Mass-Metallicity Relation. II. A Sample of Massive Metal-Poor Galaxies from SDSS}},
  Author                   = {{Peeples}, M.~S. and {Pogge}, R.~W. and {Stanek}, K.~Z.},
  Journal                  = {\apj},
  Year                     = {2009},

  Month                    = apr,
  Pages                    = {259-267},
  Volume                   = {695},

  Adsnote                  = {Provided by the SAO/NASA Astrophysics Data System},
  Adsurl                   = {http://adsabs.harvard.edu/abs/2009ApJ...695..259P},
  Archiveprefix            = {arXiv},
  Doi                      = {10.1088/0004-637X/695/1/259},
  Eprint                   = {0809.0896},
  Keywords                 = {galaxies: abundances, galaxies: evolution}
}

@Article{Peng2010,
  Title                    = {{Detailed Decomposition of Galaxy Images. II. Beyond Axisymmetric Models}},
  Author                   = {{Peng}, C.~Y. and {Ho}, L.~C. and {Impey}, C.~D. and {Rix}, H.-W. },
  Journal                  = {\aj},
  Year                     = {2010},

  Month                    = jun,
  Pages                    = {2097-2129},
  Volume                   = {139},

  Adsnote                  = {Provided by the SAO/NASA Astrophysics Data System},
  Adsurl                   = {http://adsabs.harvard.edu/abs/2010AJ....139.2097P},
  Archiveprefix            = {arXiv},
  Doi                      = {10.1088/0004-6256/139/6/2097},
  Eprint                   = {0912.0731},
  Keywords                 = {galaxies: bulges, galaxies: fundamental parameters, galaxies: structure, techniques: image processing, techniques: photometric},
  Owner                    = {lacerda},
  Primaryclass             = {astro-ph.CO},
  Timestamp                = {2014.01.15}
}

@Article{Ricci2011,
  Title                    = {{NGC 7097: The Active Galactic Nucleus and its Mirror, Revealed by Principal Component Analysis Tomography}},
  Author                   = {{Ricci}, T.~V. and {Steiner}, J.~E. and {Menezes}, R.~B.},
  Journal                  = {\apjl},
  Year                     = {2011},

  Month                    = jun,
  Pages                    = {L10},
  Volume                   = {734},

  Adsnote                  = {Provided by the SAO/NASA Astrophysics Data System},
  Adsurl                   = {http://adsabs.harvard.edu/abs/2011ApJ...734L..10R},
  Doi                      = {10.1088/2041-8205/734/1/L10},
  Eid                      = {L10},
  Keywords                 = {galaxies: active, galaxies: elliptical and lenticular, cD, galaxies: individual: NGC 7097, galaxies: kinematics and dynamics, galaxies: nuclei, techniques: spectroscopic}
}

@Article{Ricci2011a,
  Title                    = {{NGC 7097: The Active Galactic Nucleus and its Mirror, Revealed by Principal Component Analysis Tomography}},
  Author                   = {{Ricci}, T.~V. and {Steiner}, J.~E. and {Menezes}, R.~B.},
  Journal                  = {\apjl},
  Year                     = {2011},

  Month                    = jun,
  Pages                    = {L10},
  Volume                   = {734},

  Adsnote                  = {Provided by the SAO/NASA Astrophysics Data System},
  Adsurl                   = {http://adsabs.harvard.edu/abs/2011ApJ...734L..10R},
  Doi                      = {10.1088/2041-8205/734/1/L10},
  Eid                      = {L10},
  Keywords                 = {galaxies: active, galaxies: elliptical and lenticular, cD, galaxies: individual: NGC 7097, galaxies: kinematics and dynamics, galaxies: nuclei, techniques: spectroscopic}
}

@Article{Riffel2011,
  Title                    = {{Intermediate-age stars as the origin of low stellar velocity dispersion nuclear rings: the case of Mrk 1157}},
  Author                   = {{Riffel}, R. and {Riffel}, R.~A. and {Ferrari}, F. and {Storchi-Bergmann}, T. },
  Journal                  = {\mnras},
  Year                     = {2011},

  Month                    = sep,
  Pages                    = {493-500},
  Volume                   = {416},

  Adsnote                  = {Provided by the SAO/NASA Astrophysics Data System},
  Adsurl                   = {http://adsabs.harvard.edu/abs/2011MNRAS.416..493R},
  Archiveprefix            = {arXiv},
  Doi                      = {10.1111/j.1365-2966.2011.19061.x},
  Eprint                   = {1105.2487},
  Keywords                 = {methods: data analysis, galaxies: individual: Mrk 1157, galaxies: individual: NGC 591, galaxies: Seyfert, galaxies: stellar content},
  Primaryclass             = {astro-ph.CO}
}

@Article{Rogers2007,
  Title                    = {{Decoding the spectra of SDSS early-type galaxies: new indicators of age and recent star formation}},
  Author                   = {{Rogers}, B. and {Ferreras}, I. and {Lahav}, O. and {Bernardi}, M. and {Kaviraj}, S. and {Yi}, S.~K.},
  Journal                  = {\mnras},
  Year                     = {2007},

  Month                    = dec,
  Pages                    = {750-760},
  Volume                   = {382},

  Adsnote                  = {Provided by the SAO/NASA Astrophysics Data System},
  Adsurl                   = {http://adsabs.harvard.edu/abs/2007MNRAS.382..750R},
  Archiveprefix            = {arXiv},
  Doi                      = {10.1111/j.1365-2966.2007.12446.x},
  Eprint                   = {0709.0300},
  Keywords                 = {galaxies: elliptical and lenticular, cD, galaxies: evolution, galaxies: formation, galaxies: stellar content}
}

@Article{RosalesOrtega2010,
  Title                    = {{PINGS: the PPAK IFS Nearby Galaxies Survey}},
  Author                   = {{Rosales-Ortega}, F.~F. and {Kennicutt}, R.~C. and {S{\'a}nchez}, S.~F. and {D{\'{\i}}az}, A.~I. and {Pasquali}, A. and {Johnson}, B.~D. and {Hao}, C.~N.},
  Journal                  = {\mnras},
  Year                     = {2010},

  Month                    = jun,
  Pages                    = {735-758},
  Volume                   = {405},

  Adsnote                  = {Provided by the SAO/NASA Astrophysics Data System},
  Adsurl                   = {http://adsabs.harvard.edu/abs/2010MNRAS.405..735R},
  Archiveprefix            = {arXiv},
  Doi                      = {10.1111/j.1365-2966.2010.16498.x},
  Eprint                   = {1002.1946},
  Keywords                 = {methods: observational, techniques: spectroscopic, surveys, ISM: abundances, galaxies: abundances, galaxies: general},
  Owner                    = {lacerda},
  Primaryclass             = {astro-ph.CO},
  Timestamp                = {2014.01.15}
}

@Article{Roth2005,
  Title                    = {{PMAS: The Potsdam Multi-Aperture Spectrophotometer. I. Design, Manufacture, and Performance}},
  Author                   = {{Roth}, M.~M. and {Kelz}, A. and {Fechner}, T. and {Hahn}, T. and {Bauer}, S.-M. and {Becker}, T. and {B{\"o}hm}, P. and {Christensen}, L. and {Dionies}, F. and {Paschke}, J. and {Popow}, E. and {Wolter}, D. and {Schmoll}, J. and {Laux}, U. and {Altmann}, W.},
  Journal                  = {\pasp},
  Year                     = {2005},

  Month                    = jun,
  Pages                    = {620-642},
  Volume                   = {117},

  Adsnote                  = {Provided by the SAO/NASA Astrophysics Data System},
  Adsurl                   = {http://adsabs.harvard.edu/abs/2005PASP..117..620R},
  Doi                      = {10.1086/429877},
  Eprint                   = {astro-ph/0502581},
  Keywords                 = {Instrumentation: Spectrographs, Techniques: Spectroscopic}
}

@Article{SanchezAlmeida2010,
  Title                    = {{Automatic Unsupervised Classification of All Sloan Digital Sky Survey Data Release 7 Galaxy Spectra}},
  Author                   = {{S{\'a}nchez Almeida}, J. and {Aguerri}, J.~A.~L. and {Mu{\~n}oz-Tu{\~n}{\'o}n}, C. and {de Vicente}, A.},
  Journal                  = {\apj},
  Year                     = {2010},

  Month                    = may,
  Pages                    = {487-504},
  Volume                   = {714},

  Adsnote                  = {Provided by the SAO/NASA Astrophysics Data System},
  Adsurl                   = {http://adsabs.harvard.edu/abs/2010ApJ...714..487S},
  Archiveprefix            = {arXiv},
  Doi                      = {10.1088/0004-637X/714/1/487},
  Eprint                   = {1003.3186},
  Keywords                 = {catalogs, galaxies: evolution, galaxies: fundamental parameters, galaxies: statistics, methods: statistical},
  Primaryclass             = {astro-ph.CO}
}

@Article{CALIFAPresent2012,
  Title                    = {{CALIFA, the Calar Alto Legacy Integral Field Area survey. I. Survey presentation}},
  Author                   = {{S{\'a}nchez}, S.~F. and {Kennicutt}, R.~C. and {Gil de Paz}, A. and {van de Ven}, G. and {V{\'{\i}}lchez}, J.~M. and {Wisotzki}, L. and {Walcher}, C.~J. and {Mast}, D. and {Aguerri}, J.~A.~L. and {Albiol-P{\'e}rez}, S. and {Alonso-Herrero}, A. and {Alves}, J. and {Bakos}, J. and {Bart{\'a}kov{\'a}}, T. and {Bland-Hawthorn}, J. and {Boselli}, A. and {Bomans}, D.~J. and {Castillo-Morales}, A. and {Cortijo-Ferrero}, C. and {de Lorenzo-C{\'a}ceres}, A. and {Del Olmo}, A. and {Dettmar}, R.-J. and {D{\'{\i}}az}, A. and {Ellis}, S. and {Falc{\'o}n-Barroso}, J. and {Flores}, H. and {Gallazzi}, A. and {Garc{\'{\i}}a-Lorenzo}, B. and {Gonz{\'a}lez Delgado}, R. and {Gruel}, N. and {Haines}, T. and {Hao}, C. and {Husemann}, B. and {Igl{\'e}sias-P{\'a}ramo}, J. and {Jahnke}, K. and {Johnson}, B. and {Jungwiert}, B. and {Kalinova}, V. and {Kehrig}, C. and {Kupko}, D. and {L{\'o}pez-S{\'a}nchez}, {\'A}.~R. and {Lyubenova}, M. and {Marino}, R.~A. and {M{\'a}rmol-Queralt{\'o}}, E. and {M{\'a}rquez}, I. and {Masegosa}, J. and {Meidt}, S. and {Mendez-Abreu}, J. and {Monreal-Ibero}, A. and {Montijo}, C. and {Mour{\~a}o}, A.~M. and {Palacios-Navarro}, G. and {Papaderos}, P. and {Pasquali}, A. and {Peletier}, R. and {P{\'e}rez}, E. and {P{\'e}rez}, I. and {Quirrenbach}, A. and {Rela{\~n}o}, M. and {Rosales-Ortega}, F.~F. and {Roth}, M.~M. and {Ruiz-Lara}, T. and {S{\'a}nchez-Bl{\'a}zquez}, P. and {Sengupta}, C. and {Singh}, R. and {Stanishev}, V. and {Trager}, S.~C. and {Vazdekis}, A. and {Viironen}, K. and {Wild}, V. and {Zibetti}, S. and {Ziegler}, B. },
  Journal                  = {\aap},
  Year                     = {2012},

  Month                    = feb,
  Pages                    = {A8},
  Volume                   = {538},

  Adsnote                  = {Provided by the SAO/NASA Astrophysics Data System},
  Adsurl                   = {http://adsabs.harvard.edu/abs/2012A%26A...538A...8S},
  Archiveprefix            = {arXiv},
  Doi                      = {10.1051/0004-6361/201117353},
  Eid                      = {A8},
  Eprint                   = {1111.0962},
  Keywords                 = {techniques: spectroscopic, galaxies: active, galaxies: evolution, surveys, galaxies: ISM, galaxies: stellar content},
  Primaryclass             = {astro-ph.CO}
}

@Article{Schiminovich2007,
  Title                    = {{The UV-Optical Color Magnitude Diagram. II. Physical Properties and Morphological Evolution On and Off of a Star-forming Sequence}},
  Author                   = {{Schiminovich}, D. and {Wyder}, T.~K. and {Martin}, D.~C. and {Johnson}, B.~D. and {Salim}, S. and {Seibert}, M. and {Treyer}, M.~A. and {Budav{\'a}ri}, T. and {Hoopes}, C. and {Zamojski}, M. and {Barlow}, T.~A. and {Forster}, K.~G. and {Friedman}, P.~G. and {Morrissey}, P. and {Neff}, S.~G. and {Small}, T.~A. and {Bianchi}, L. and {Donas}, J. and {Heckman}, T.~M. and {Lee}, Y.-W. and {Madore}, B.~F. and {Milliard}, B. and {Rich}, R.~M. and {Szalay}, A.~S. and {Welsh}, B.~Y. and {Yi}, S. },
  Journal                  = {\apjs},
  Year                     = {2007},

  Month                    = dec,
  Pages                    = {315-341},
  Volume                   = {173},

  Adsnote                  = {Provided by the SAO/NASA Astrophysics Data System},
  Adsurl                   = {http://adsabs.harvard.edu/abs/2007ApJS..173..315S},
  Archiveprefix            = {arXiv},
  Doi                      = {10.1086/524659},
  Eprint                   = {0711.4823},
  Keywords                 = {Galaxies: Evolution, Galaxies: Formation, Surveys, Ultraviolet: Galaxies}
}

@Article{Schlegel1998,
  Title                    = {{Maps of Dust Infrared Emission for Use in Estimation of Reddening and Cosmic Microwave Background Radiation Foregrounds}},
  Author                   = {{Schlegel}, D.~J. and {Finkbeiner}, D.~P. and {Davis}, M.},
  Journal                  = {\apj},
  Year                     = {1998},

  Month                    = jun,
  Pages                    = {525},
  Volume                   = {500},

  Adsnote                  = {Provided by the SAO/NASA Astrophysics Data System},
  Adsurl                   = {http://adsabs.harvard.edu/abs/1998ApJ...500..525S},
  Doi                      = {10.1086/305772},
  Eprint                   = {arXiv:astro-ph/9710327},
  Keywords                 = {COSMOLOGY: DIFFUSE RADIATION, COSMOLOGY: COSMIC MICROWAVE BACKGROUND, ISM: DUST, EXTINCTION, INTERPLANETARY MEDIUM, INFRARED: ISM: CONTINUUM}
}

@Article{Scoville2007,
  Title                    = {{The Cosmic Evolution Survey (COSMOS): Overview}},
  Author                   = {{Scoville}, N. and {Aussel}, H. and {Brusa}, M. and {Capak}, P. and {Carollo}, C.~M. and {Elvis}, M. and {Giavalisco}, M. and {Guzzo}, L. and {Hasinger}, G. and {Impey}, C. and {Kneib}, J.-P. and {LeFevre}, O. and {Lilly}, S.~J. and {Mobasher}, B. and {Renzini}, A. and {Rich}, R.~M. and {Sanders}, D.~B. and {Schinnerer}, E. and {Schminovich}, D. and {Shopbell}, P. and {Taniguchi}, Y. and {Tyson}, N.~D.},
  Journal                  = {\apjs},
  Year                     = {2007},

  Month                    = sep,
  Pages                    = {1-8},
  Volume                   = {172},

  Adsnote                  = {Provided by the SAO/NASA Astrophysics Data System},
  Adsurl                   = {http://adsabs.harvard.edu/abs/2007ApJS..172....1S},
  Doi                      = {10.1086/516585},
  Eprint                   = {astro-ph/0612305},
  Keywords                 = {Cosmology: Observations, Cosmology: Dark Matter, Galaxies: Evolution, Galaxies: Formation, Cosmology: Large-Scale Structure of Universe, Surveys},
  Owner                    = {lacerda},
  Timestamp                = {2014.01.15}
}

@Article{Simard2002,
  Title                    = {{DEEP Groth Strip Survey. II. (Simard+, 2002)}},
  Author                   = {{Simard}, L. and {Willmer}, C.~N.~A. and {Vogt}, N.~P. and {Sarajedini}, V.~L. and {Phillips}, A.~C. and {Weiner}, B.~J. and {Koo}, D.~C. and {Im}, M. and {Illingworth}, G.~D. and {Faber}, S.~M.},
  Journal                  = {VizieR Online Data Catalog},
  Year                     = {2002},

  Month                    = sep,
  Pages                    = {20001},
  Volume                   = {214},

  Adsnote                  = {Provided by the SAO/NASA Astrophysics Data System},
  Adsurl                   = {http://adsabs.harvard.edu/abs/2002yCat..21420001S},
  Keywords                 = {Models, Galaxies: photometry},
  Owner                    = {lacerda},
  Timestamp                = {2014.01.15}
}

@Article{Skrutskie2006,
  Title                    = {{The Two Micron All Sky Survey (2MASS)}},
  Author                   = {{Skrutskie}, M.~F. and {Cutri}, R.~M. and {Stiening}, R. and {Weinberg}, M.~D. and {Schneider}, S. and {Carpenter}, J.~M. and {Beichman}, C. and {Capps}, R. and {Chester}, T. and {Elias}, J. and {Huchra}, J. and {Liebert}, J. and {Lonsdale}, C. and {Monet}, D.~G. and {Price}, S. and {Seitzer}, P. and {Jarrett}, T. and {Kirkpatrick}, J.~D. and {Gizis}, J.~E. and {Howard}, E. and {Evans}, T. and {Fowler}, J. and {Fullmer}, L. and {Hurt}, R. and {Light}, R. and {Kopan}, E.~L. and {Marsh}, K.~A. and {McCallon}, H.~L. and {Tam}, R. and {Van Dyk}, S. and {Wheelock}, S.},
  Journal                  = {\aj},
  Year                     = {2006},

  Month                    = feb,
  Pages                    = {1163-1183},
  Volume                   = {131},

  Adsnote                  = {Provided by the SAO/NASA Astrophysics Data System},
  Adsurl                   = {http://adsabs.harvard.edu/abs/2006AJ....131.1163S},
  Doi                      = {10.1086/498708},
  Keywords                 = {Catalogs, Infrared: General, Surveys}
}

@Article{Sodre1994,
  Title                    = {{Spectral classification of galaxies}},
  Author                   = {{Sodr{\'e}}, Jr., L. and {Cuevas}, H.},
  Journal                  = {Vistas in Astronomy},
  Year                     = {1994},
  Pages                    = {287-291},
  Volume                   = {38},

  Adsnote                  = {Provided by the SAO/NASA Astrophysics Data System},
  Adsurl                   = {http://adsabs.harvard.edu/abs/1994VA.....38..287S},
  Doi                      = {10.1016/0083-6656(94)90039-6},
  Eprint                   = {astro-ph/9411080}
}

@Article{Sodre1997,
  Title                    = {{Global regularities in integrated galaxy spectra}},
  Author                   = {{Sodre}, L. and {Cuevas}, H.},
  Journal                  = {\mnras},
  Year                     = {1997},

  Month                    = may,
  Pages                    = {137-147},
  Volume                   = {287},

  Adsnote                  = {Provided by the SAO/NASA Astrophysics Data System},
  Adsurl                   = {http://adsabs.harvard.edu/abs/1997MNRAS.287..137S},
  Eprint                   = {astro-ph/9612161},
  Keywords                 = {METHODS: STATISTICAL, GALAXIES: EVOLUTION, GALAXIES: FUNDAMENTAL PARAMETERS, GALAXIES: STATISTICS}
}

@Article{Spanos2000,
  Title                    = {Revisiting data mining: ‘hunting’ with or without a license},
  Author                   = {Spanos, Aris},
  Journal                  = {Journal of Economic Methodology},
  Year                     = {2000},
  Number                   = {2},
  Pages                    = {231-264},
  Volume                   = {7},

  Doi                      = {10.1080/13501780050045119},
  Eprint                   = {http://www.tandfonline.com/doi/pdf/10.1080/13501780050045119},
  Url                      = {http://www.tandfonline.com/doi/abs/10.1080/13501780050045119}
}

@Article{Stecher1997,
  Title                    = {{The Ultraviolet Imaging Telescope: Instrument and Data Characteristics}},
  Author                   = {{Stecher}, T.~P. and {Cornett}, R.~H. and {Greason}, M.~R. and {Landsman}, W.~B. and {Hill}, J.~K. and {Hill}, R.~S. and {Bohlin}, R.~C. and {Chen}, P.~C. and {Collins}, N.~R. and {Fanelli}, M.~N. and {Hollis}, J.~I. and {Neff}, S.~G. and {O'Connell}, R.~W. and {Offenberg}, J.~D. and {Parise}, R.~A. and {Parker}, J. and {Roberts}, M.~S. and {Smith}, A.~M. and {Waller}, W.~H.},
  Journal                  = {\pasp},
  Year                     = {1997},

  Month                    = may,
  Pages                    = {584-599},
  Volume                   = {109},

  Adsnote                  = {Provided by the SAO/NASA Astrophysics Data System},
  Adsurl                   = {http://adsabs.harvard.edu/abs/1997PASP..109..584S},
  Doi                      = {10.1086/133917},
  Eprint                   = {arXiv:astro-ph/9704297},
  Keywords                 = {TELESCOPES}
}

@Article{Steiner2009,
  Title                    = {{PCA Tomography: how to extract information from data cubes}},
  Author                   = {{Steiner}, J.~E. and {Menezes}, R.~B. and {Ricci}, T.~V. and {Oliveira}, A.~S.},
  Journal                  = {\mnras},
  Year                     = {2009},

  Month                    = may,
  Pages                    = {64-75},
  Volume                   = {395},

  Adsnote                  = {Provided by the SAO/NASA Astrophysics Data System},
  Adsurl                   = {http://adsabs.harvard.edu/abs/2009MNRAS.395...64S},
  Archiveprefix            = {arXiv},
  Doi                      = {10.1111/j.1365-2966.2009.14530.x},
  Eprint                   = {0901.2266},
  Keywords                 = {methods: data analysis , methods: statistical , techniques: image processing , techniques: spectroscopic},
  Primaryclass             = {astro-ph.IM}
}

@Article{Strauss2002,
  Title                    = {{Spectroscopic Target Selection in the Sloan Digital Sky Survey: The Main Galaxy Sample}},
  Author                   = {{Strauss}, M.~A. and {Weinberg}, D.~H. and {Lupton}, R.~H. and {Narayanan}, V.~K. and {Annis}, J. and {Bernardi}, M. and {Blanton}, M. and {Burles}, S. and {Connolly}, A.~J. and {Dalcanton}, J. and {Doi}, M. and {Eisenstein}, D. and {Frieman}, J.~A. and {Fukugita}, M. and {Gunn}, J.~E. and {Ivezi{\'c}}, {\v Z}. and {Kent}, S. and {Kim}, R.~S.~J. and {Knapp}, G.~R. and {Kron}, R.~G. and {Munn}, J.~A. and {Newberg}, H.~J. and {Nichol}, R.~C. and {Okamura}, S. and {Quinn}, T.~R. and {Richmond}, M.~W. and {Schlegel}, D.~J. and {Shimasaku}, K. and {SubbaRao}, M. and {Szalay}, A.~S. and {Vanden Berk}, D. and {Vogeley}, M.~S. and {Yanny}, B. and {Yasuda}, N. and {York}, D.~G. and {Zehavi}, I. },
  Journal                  = {\aj},
  Year                     = {2002},

  Month                    = sep,
  Pages                    = {1810-1824},
  Volume                   = {124},

  Adsnote                  = {Provided by the SAO/NASA Astrophysics Data System},
  Adsurl                   = {http://adsabs.harvard.edu/abs/2002AJ....124.1810S},
  Doi                      = {10.1086/342343},
  Eprint                   = {arXiv:astro-ph/0206225},
  Keywords                 = {Galaxies: Distances and Redshifts, Galaxies: Photometry, Surveys}
}

@InProceedings{Szalay2002,
  Title                    = {The SDSS skyserver: public access to the sloan digital sky server data},
  Author                   = {{Szalay}, Alexander~S. and {Gray}, Jim and {Thakar}, Ani~R. and {Kunszt}, Peter~Z. and {Malik}, Tanu and {Raddick}, Jordan and {Stoughton}, Christopher and {vandenBerg}, Jan},
  Booktitle                = {Proceedings of the 2002 ACM SIGMOD international conference on Management of data},
  Year                     = {2002},

  Address                  = {New York, NY, USA},
  Pages                    = {570--581},
  Publisher                = {ACM},
  Series                   = {SIGMOD '02},

  Acmid                    = {564758},
  Doi                      = {http://doi.acm.org/10.1145/564691.564758},
  ISBN                     = {1-58113-497-5},
  Location                 = {Madison, Wisconsin},
  Numpages                 = {12},
  Url                      = {http://doi.acm.org/10.1145/564691.564758}
}

@Article{Thakar2004,
  Title                    = {{The Sloan Digital Sky Survey Science Archive: Migrating a Multi-Terabyte Astronomical Archive from Object to Relational DBMS}},
  Author                   = {{Thakar}, A.~R. and {Szalay}, A.~S. and {Kunszt}, P.~Z. and {Gray}, J.},
  Journal                  = {eprint arXiv:cs/0403020},
  Year                     = {2004},

  Month                    = mar,

  Adsnote                  = {Provided by the SAO/NASA Astrophysics Data System},
  Adsurl                   = {http://adsabs.harvard.edu/abs/2004cs........3020T},
  Eprint                   = {arXiv:cs/0403020},
  Keywords                 = {Computer Science - Databases, H.0}
}

@Article{Trager2000I,
  Title                    = {{The Stellar Population Histories of Local Early-Type Galaxies. I. Population Parameters}},
  Author                   = {{Trager}, S.~C. and {Faber}, S.~M. and {Worthey}, G. and {Gonz{\'a}lez}, J.~J. },
  Journal                  = {\aj},
  Year                     = {2000},

  Month                    = apr,
  Pages                    = {1645-1676},
  Volume                   = {119},

  Adsnote                  = {Provided by the SAO/NASA Astrophysics Data System},
  Adsurl                   = {http://adsabs.harvard.edu/abs/2000AJ....119.1645T},
  Doi                      = {10.1086/301299},
  Eprint                   = {astro-ph/0001072},
  Keywords                 = {GALAXIES: ABUNDANCES, GALAXIES: ELLIPTICAL AND LENTICULAR, CD, GALAXIES: EVOLUTION, GALAXIES: STELLAR CONTENT}
}

@Article{Asari2009,
  Title                    = {{The evolution of the mass-metallicity relation in SDSS galaxies uncovered by astropaleontology}},
  Author                   = {{Vale Asari}, N. and {Stasi{\'n}ska}, G. and {Cid Fernandes}, R. and {Gomes}, J.~M. and {Schlickmann}, M. and {Mateus}, A. and {Schoenell}, W. },
  Journal                  = {\mnras},
  Year                     = {2009},

  Month                    = jun,
  Pages                    = {L71-L75},
  Volume                   = {396},

  Adsnote                  = {Provided by the SAO/NASA Astrophysics Data System},
  Adsurl                   = {http://adsabs.harvard.edu/abs/2009MNRAS.396L..71V},
  Archiveprefix            = {arXiv},
  Doi                      = {10.1111/j.1745-3933.2009.00664.x},
  Eprint                   = {0903.4167},
  Keywords                 = {galaxies: evolution, galaxies: statistics, galaxies: stellar content},
  Primaryclass             = {astro-ph.GA}
}

@Article{vanDuinen1975,
  Title                    = {{The ultraviolet experiment onboard the astronomical Netherlands satellite - ANS}},
  Author                   = {{van Duinen}, R.~J. and {Aalders}, J.~W.~G. and {Wesselius}, P.~R. and {Wildeman}, K.~J. and {Wu}, C.~C. and {Luinge}, W. and {Snel}, D.},
  Journal                  = {\aap},
  Year                     = {1975},

  Month                    = feb,
  Pages                    = {159-163},
  Volume                   = {39},

  Adsnote                  = {Provided by the SAO/NASA Astrophysics Data System},
  Adsurl                   = {http://adsabs.harvard.edu/abs/1975A%26A....39..159V},
  Keywords                 = {ASTRONOMICAL NETHERLANDS SATELLITE, SATELLITE-BORNE INSTRUMENTS, SPACEBORNE ASTRONOMY, ULTRAVIOLET PHOTOMETRY, SPECTRAL LINE WIDTH, STELLAR SPECTROPHOTOMETRY, ULTRAVIOLET SPECTROPHOTOMETERS},
  Owner                    = {lacerda},
  Timestamp                = {2014.01.15}
}

@Article{Verheijen2004,
  Title                    = {{The Disk Mass project; science case for a new PMAS IFU module}},
  Author                   = {{Verheijen}, M.~A.~W. and {Bershady}, M.~A. and {Andersen}, D.~R. and {Swaters}, R.~A. and {Westfall}, K. and {Kelz}, A. and {Roth}, M.~M. },
  Journal                  = {Astronomische Nachrichten},
  Year                     = {2004},

  Month                    = mar,
  Pages                    = {151-154},
  Volume                   = {325},

  Adsnote                  = {Provided by the SAO/NASA Astrophysics Data System},
  Adsurl                   = {http://adsabs.harvard.edu/abs/2004AN....325..151V},
  Doi                      = {10.1002/asna.200310197},
  Eprint                   = {astro-ph/0311555},
  Keywords                 = {galaxies: spiral, galaxies: fundamental parameters, galaxies: structure, galaxies: kinematics and dynamics, instrumentation: spectrographs}
}

@Article{Vika2013,
  Title                    = {{MegaMorph - multiwavelength measurement of galaxy structure. S{\'e}rsic profile fits to galaxies near and far}},
  Author                   = {{Vika}, M. and {Bamford}, S.~P. and {H{\"a}u{\ss}ler}, B. and {Rojas}, A.~L. and {Borch}, A. and {Nichol}, R.~C.},
  Journal                  = {\mnras},
  Year                     = {2013},

  Month                    = oct,
  Pages                    = {623-649},
  Volume                   = {435},

  Adsnote                  = {Provided by the SAO/NASA Astrophysics Data System},
  Adsurl                   = {http://adsabs.harvard.edu/abs/2013MNRAS.435..623V},
  Archiveprefix            = {arXiv},
  Doi                      = {10.1093/mnras/stt1320},
  Eprint                   = {1307.4996},
  Keywords                 = {methods: data analysis, techniques: image processing, galaxies: fundamental parameters, galaxies: photometry, galaxies: structure},
  Owner                    = {lacerda},
  Primaryclass             = {astro-ph.CO},
  Timestamp                = {2014.01.15}
}

@Article{Way2011,
  Title                    = {{Challenges for LSST scale data sets}},
  Author                   = {{Way}, M.~J.},
  Journal                  = {ArXiv e-prints},
  Year                     = {2011},

  Month                    = aug,

  Adsnote                  = {Provided by the SAO/NASA Astrophysics Data System},
  Adsurl                   = {http://adsabs.harvard.edu/abs/2011arXiv1108.5124W},
  Archiveprefix            = {arXiv},
  Eprint                   = {1108.5124},
  Keywords                 = {Astrophysics - Instrumentation and Methods for Astrophysics},
  Primaryclass             = {astro-ph.IM}
}

@Article{Wild2006,
  Title                    = {{Selecting damped Lyman {$\alpha$} systems through CaII absorption - I. Dust depletions and reddening at z\~{} 1}},
  Author                   = {{Wild}, V. and {Hewett}, P.~C. and {Pettini}, M.},
  Journal                  = {\mnras},
  Year                     = {2006},

  Month                    = mar,
  Pages                    = {211-230},
  Volume                   = {367},

  Adsnote                  = {Provided by the SAO/NASA Astrophysics Data System},
  Adsurl                   = {http://adsabs.harvard.edu/abs/2006MNRAS.367..211W},
  Doi                      = {10.1111/j.1365-2966.2005.09935.x},
  Eprint                   = {astro-ph/0512042},
  Keywords                 = {dust, extinction-galaxies: abundances-galaxies: ISM-quasars: absorption lines}
}

@Article{Wright2010,
  Title                    = {{The Wide-field Infrared Survey Explorer (WISE): Mission Description and Initial On-orbit Performance}},
  Author                   = {{Wright}, E.~L. and {Eisenhardt}, P.~R.~M. and {Mainzer}, A.~K. and {Ressler}, M.~E. and {Cutri}, R.~M. and {Jarrett}, T. and {Kirkpatrick}, J.~D. and {Padgett}, D. and {McMillan}, R.~S. and {Skrutskie}, M. and {Stanford}, S.~A. and {Cohen}, M. and {Walker}, R.~G. and {Mather}, J.~C. and {Leisawitz}, D. and {Gautier}, III, T.~N. and {McLean}, I. and {Benford}, D. and {Lonsdale}, C.~J. and {Blain}, A. and {Mendez}, B. and {Irace}, W.~R. and {Duval}, V. and {Liu}, F. and {Royer}, D. and {Heinrichsen}, I. and {Howard}, J. and {Shannon}, M. and {Kendall}, M. and {Walsh}, A.~L. and {Larsen}, M. and {Cardon}, J.~G. and {Schick}, S. and {Schwalm}, M. and {Abid}, M. and {Fabinsky}, B. and {Naes}, L. and {Tsai}, C.-W.},
  Journal                  = {\aj},
  Year                     = {2010},

  Month                    = dec,
  Pages                    = {1868-1881},
  Volume                   = {140},

  Adsnote                  = {Provided by the SAO/NASA Astrophysics Data System},
  Adsurl                   = {http://adsabs.harvard.edu/abs/2010AJ....140.1868W},
  Archiveprefix            = {arXiv},
  Doi                      = {10.1088/0004-6256/140/6/1868},
  Eid                      = {1868},
  Eprint                   = {1008.0031},
  Keywords                 = {infrared: general, space vehicles, surveys},
  Primaryclass             = {astro-ph.IM}
}

@Article{Wyder2007,
  Title                    = {{The UV-Optical Galaxy Color-Magnitude Diagram. I. Basic Properties}},
  Author                   = {{Wyder}, T.~K. and {Martin}, D.~C. and {Schiminovich}, D. and {Seibert}, M. and {Budav{\'a}ri}, T. and {Treyer}, M.~A. and {Barlow}, T.~A. and {Forster}, K. and {Friedman}, P.~G. and {Morrissey}, P. and {Neff}, S.~G. and {Small}, T. and {Bianchi}, L. and {Donas}, J. and {Heckman}, T.~M. and {Lee}, Y.-W. and {Madore}, B.~F. and {Milliard}, B. and {Rich}, R.~M. and {Szalay}, A.~S. and {Welsh}, B.~Y. and {Yi}, S.~K.},
  Journal                  = {\apjs},
  Year                     = {2007},

  Month                    = dec,
  Pages                    = {293-314},
  Volume                   = {173},

  Adsnote                  = {Provided by the SAO/NASA Astrophysics Data System},
  Adsurl                   = {http://adsabs.harvard.edu/abs/2007ApJS..173..293W},
  Archiveprefix            = {arXiv},
  Doi                      = {10.1086/521402},
  Eprint                   = {0706.3938},
  Keywords                 = {Galaxies: Evolution, Galaxies: Fundamental Parameters, Galaxies: Luminosity Function, Mass Function, Galaxies: Statistics, Ultraviolet: Galaxies}
}

@Article{York2000,
  Title                    = {{The Sloan Digital Sky Survey: Technical Summary}},
  Author                   = {{York}, D.~G. and {Adelman}, J. and {Anderson}, Jr., J.~E. and {Anderson}, S.~F. and {Annis}, J. and {Bahcall}, N.~A. and {Bakken}, J.~A. and {Barkhouser}, R. and {Bastian}, S. and {Berman}, E. and {Boroski}, W.~N. and {Bracker}, S. and {Briegel}, C. and {Briggs}, J.~W. and {Brinkmann}, J. and {Brunner}, R. and {Burles}, S. and {Carey}, L. and {Carr}, M.~A. and {Castander}, F.~J. and {Chen}, B. and {Colestock}, P.~L. and {Connolly}, A.~J. and {Crocker}, J.~H. and {Csabai}, I. and {Czarapata}, P.~C. and {Davis}, J.~E. and {Doi}, M. and {Dombeck}, T. and {Eisenstein}, D. and {Ellman}, N. and {Elms}, B.~R. and {Evans}, M.~L. and {Fan}, X. and {Federwitz}, G.~R. and {Fiscelli}, L. and {Friedman}, S. and {Frieman}, J.~A. and {Fukugita}, M. and {Gillespie}, B. and {Gunn}, J.~E. and {Gurbani}, V.~K. and {de Haas}, E. and {Haldeman}, M. and {Harris}, F.~H. and {Hayes}, J. and {Heckman}, T.~M. and {Hennessy}, G.~S. and {Hindsley}, R.~B. and {Holm}, S. and {Holmgren}, D.~J. and {Huang}, C.-h. and {Hull}, C. and {Husby}, D. and {Ichikawa}, S.-I. and {Ichikawa}, T. and {Ivezi{\'c}}, {\v Z}. and {Kent}, S. and {Kim}, R.~S.~J. and {Kinney}, E. and {Klaene}, M. and {Kleinman}, A.~N. and {Kleinman}, S. and {Knapp}, G.~R. and {Korienek}, J. and {Kron}, R.~G. and {Kunszt}, P.~Z. and {Lamb}, D.~Q. and {Lee}, B. and {Leger}, R.~F. and {Limmongkol}, S. and {Lindenmeyer}, C. and {Long}, D.~C. and {Loomis}, C. and {Loveday}, J. and {Lucinio}, R. and {Lupton}, R.~H. and {MacKinnon}, B. and {Mannery}, E.~J. and {Mantsch}, P.~M. and {Margon}, B. and {McGehee}, P. and {McKay}, T.~A. and {Meiksin}, A. and {Merelli}, A. and {Monet}, D.~G. and {Munn}, J.~A. and {Narayanan}, V.~K. and {Nash}, T. and {Neilsen}, E. and {Neswold}, R. and {Newberg}, H.~J. and {Nichol}, R.~C. and {Nicinski}, T. and {Nonino}, M. and {Okada}, N. and {Okamura}, S. and {Ostriker}, J.~P. and {Owen}, R. and {Pauls}, A.~G. and {Peoples}, J. and {Peterson}, R.~L. and {Petravick}, D. and {Pier}, J.~R. and {Pope}, A. and {Pordes}, R. and {Prosapio}, A. and {Rechenmacher}, R. and {Quinn}, T.~R. and {Richards}, G.~T. and {Richmond}, M.~W. and {Rivetta}, C.~H. and {Rockosi}, C.~M. and {Ruthmansdorfer}, K. and {Sandford}, D. and {Schlegel}, D.~J. and {Schneider}, D.~P. and {Sekiguchi}, M. and {Sergey}, G. and {Shimasaku}, K. and {Siegmund}, W.~A. and {Smee}, S. and {Smith}, J.~A. and {Snedden}, S. and {Stone}, R. and {Stoughton}, C. and {Strauss}, M.~A. and {Stubbs}, C. and {SubbaRao}, M. and {Szalay}, A.~S. and {Szapudi}, I. and {Szokoly}, G.~P. and {Thakar}, A.~R. and {Tremonti}, C. and {Tucker}, D.~L. and {Uomoto}, A. and {Vanden Berk}, D. and {Vogeley}, M.~S. and {Waddell}, P. and {Wang}, S.-i. and {Watanabe}, M. and {Weinberg}, D.~H. and {Yanny}, B. and {Yasuda}, N. and {SDSS Collaboration}},
  Journal                  = {\aj},
  Year                     = {2000},

  Month                    = sep,
  Pages                    = {1579-1587},
  Volume                   = {120},

  Adsnote                  = {Provided by the SAO/NASA Astrophysics Data System},
  Adsurl                   = {http://adsabs.harvard.edu/abs/2000AJ....120.1579Y},
  Doi                      = {10.1086/301513},
  Eprint                   = {arXiv:astro-ph/0006396},
  Keywords                 = {Cosmology: Observations, Instrumentation: Miscellaneous}
}

@Proceedings{SIGKDD2011,
  Title                    = {KDD '11: Proceedings of the 17th ACM SIGKDD international conference on Knowledge discovery and data mining},
  Year                     = {2011},

  Address                  = {New York, NY, USA},
  Editor                   = {{Apte}, Chid},
  Note                     = {618112},
  Publisher                = {ACM},

  ISBN                     = {978-1-4503-0813-7},
  Location                 = {San Diego, California, USA}
}

