/Users/lacerda/Documents/Papers/papers.bib